4917 6992
603 1217 887 1384 mmm
1125 1166 1709 1335 'aaraanrcorvtt

604 1400 732 1449 ternuc.
758 1385 797 1449 Ι..
1352 1422 1381 1471 2,
1406 1400 1447 1471 c,
1471 1417 1545 1490 549,

813 1524 931 1626 peedee
955 1529 990 1597 in
1003 1519 1069 1597 asiis
1094 1520 1185 1596 hessie
1207 1519 1380 1597 misi'tarem
1407 1522 1571 1595 nauabunt
1599 1540 1759 1618 operam,
1784 1516 1830 1589 rei
1842 1510 1989 1617 ipsorum
2002 1518 2097 1597 caefi

809 1630 918 1730 gessae
940 1631 1078 1727 gratiam
1104 1624 1196 1697 vob'a
1220 1621 1395 1705 debentes,
1421 1625 1633 1721 maximisque
1660 1612 1768 1716 copiis'
1787 1643 1869 1701 voe,
1897 1638 1931 1693 vt
1954 1647 2014 1720 par
2039 1625 2095 1707 ess,

813 1728 987 1810 efficienter
1010 1728 1163 1800 vinariae
1189 1742 1370 1820 compotes.
1421 1721 1458 1795 sd
1474 1728 1571 1795 etiam
1596 1718 1759 1793 attendere
1782 1725 1959 1803 conuenit,
1986 1749 2097 1797 recen·

812 1851 881 1903 tem
906 1824 969 1905 esse
993 1831 1062 1900 Lan
1086 1820 1286 1897 obardorum
1312 1826 1486 1897 amicitiam
1514 1849 1590 1893 cum
1616 1824 1797 1893 Romanis:
1821 1819 2022 1919 Gepaedibus
2048 1820 2098 1899 soa

813 1936 961 2014 cientem
985 1851 1299 2022 semsieriratemque
1333 1924 1501 1997 vobiscum
1528 1942 1673 1997 ueterem
1697 1916 1905 1995 intercedere.
1945 1928 2099 1999 Amicitia

790 2028 950 2107 ‘demum
974 2025 1028 2099 issa
1049 2049 1123 2099 non
1144 2020 1239 2097 facise
1262 2018 1417 2108 sosnimr,
1450 2027 1538 2095 cuiue
1570 2021 1734 2097 vinculum
1764 2020 1908 2093 firmauit
1939 2032 2099 2123 temporie

706 2116 712 2125 ⁵
804 2118 1011 2203 'munienter
1063 2131 1173 2226 Qare
1201 2150 1247 2197 ne
1280 2126 1441 2208 dubitate,
1476 2128 1556 2221 quin
1586 2150 1649 2197 nos
1680 2148 1751 2195 non
1782 2140 1940 2219 potenter
1962 2124 2096 2211 modo,

813 2227 868 2307 sed
889 2226 1073 2306 constanter
1098 2229 1203 2305 etiam
1221 2221 1327 2299 socios
1352 2227 1489 2299 habituri
1513 2222 1585 2297 sirie.
1636 2232 1744 2321 Atque
1771 2216 1915 2305 cresunt,
1940 2242 2023 2321 quae
2036 2252 2096 2299 voe

812 2335 933 2405 merito
959 2324 1001 2401 ad
1026 2322 1210 2399 societatem
1235 2328 1379 2399 inuitant
1428 2330 1497 2397 Iam
1528 2350 1596 2423 quo
1628 2326 1762 2423 ingenio
1796 2319 1866 2395 sint
1891 2324 2097 2425 ngobardi

811 2426 989 2531 perspicite.
1038 2430 1144 2499 Lirem
1170 2423 1292 2499 iudicio
1317 2452 1543 2523 componere,
1586 2430 1733 2523 quamuis
1770 2418 1811 2493 ad
1845 2418 1878 2493 id
1912 2418 2005 2525 saepe
2039 2452 2099 2501 σοι

811 2532 1123 2631 prouocauersmus,
1150 2522 1356 2611 recusarunt,
1382 2523 1637 2599 inconsideratae
1661 2526 1749 2622 pleni
1788 2520 1948 2596 audaciae.
1997 2531 2098 2605 Nune

724 2634 728 2641 ’
811 2648 922 2705 autem
946 2655 1027 2701 cum
1048 2626 1093 2699 esi
1117 2626 1238 2701 bessum
1260 2632 1297 2699 in
1319 2628 1489 2710 manium,
1520 2616 1712 2699 infinni'tatie
1735 2620 1808 2697 suae'
1839 2621 2033 2701 conscientia
2051 2635 2097 2705 eh

811 2736 968 2829 incoepto
992 2730 1144 2811 tetradii,
1168 2742 1228 2801 vos
1253 2725 1397 2811 adeunt,
1421 2724 1520 2825 idque
1543 2746 1666 2825 agunt,
1692 2746 1728 2801 vt
1751 2751 1814 2823 pro
1840 2722 1914 2822 ipsu
1943 2736 2096 2817 sternant,

814 2852 928 2904 contre
954 2854 1055 2928 quam
1076 2823 1124 2898 sae
1147 2827 1217 2909 ess,
1249 2828 1369 2901 bessum
1395 2823 1587 2927 suscipiant:
1621 2832 1709 2899 cuius
1741 2821 1866 2926 ceresam
1900 2850 1954 2899 ex·
1974 2832 2097 2907 Sirmio

726 2988 733 3001 .
813 2918 944 3030 nsiieque
964 2928 1133 3003 nonnussie
1141 2932 1262 3003 Daciae
1286 2930 1366 3003 socie
1392 2935 1427 3000 in
1451 2956 1512 3000 nos
1539 2928 1714 3001 conflatam
1737 2924 1824 2997 futes
1851 2929 1885 2997 hi
1911 2925 2094 3025 proferunt,

812 3038 913 3133 Atqui
937 3050 987 3105 tot
1012 3030 1104 3115 vaber
1136 3027 1243 3102 adhuc
1277 3052 1391 3131 totque
1425 3034 1612 3127 prouinciae
1648 3024 1813 3127 supersunt
1838 3030 1973 3127 imperio
2005 3050 2093 3117 tuo,

811 3154 849 3206 vt
870 3136 1017 3205 nationes
1041 3156 1194 3229 quaeras,
1218 3133 1332 3227 quibus
1355 3150 1481 3221 partem
1508 3137 1574 3203 eius
1608 3122 1760 3229 asiquarn'
1787 3126 1993 3203 incolendam
2027 3129 2098 3207 des..

812 3228 968 3307 Profecto
989 3236 1141 3314 Francis,
1167 3229 1294 3315 Ensis.
1322 3236 1437 3332 hisque
1460 3230 1536 3333 ipste
1559 3226 1778 3330 Langobardie
1801 3250 1852 3301 tot
1878 3232 1968 3304 vrbee
1982 3250 2095 3305 tentae-

833 3361 875 3404 ue
899 3337 1050 3431 regiones
1072 3330 1260 3413 attribuisti,
1286 3338 1486 3432 imperator,
1519 3332 1559 3407 vt¹
1583 3338 1662 3405 inire
1694 3332 1870 3405 numerum
1895 3357 1998 3407 nemo
2023 3328 2096 3431 pos·

809 3358 859 3507 st
909 3437 983 3507 Nos
1009 3457 1112 3515 vero,
1148 3436 1287 3505 amicitia
1320 3454 1374 3508 tua
1400 3430 1496 3517 freti,
1534 3431 1625 3531 qnod
1657 3432 1729 3505 sieri
1768 3430 1917 3515 volebas,
1958 3438 2091 3532 egimus.

730 3546 773 3597 12.
810 3538 877 3634 Qi
900 3554 1008 3606 autem
1033 3537 1070 3604 in
1094 3536 1207 3604 animo
1230 3534 1328 3607 habet
1352 3562 1460 3607 rerum
1484 3530 1613 3606 suarum
1645 3554 1770 3630 partem
1797 3528 2020 3627 profundere,
2059 3534 2092 3607 is·

808 3634 903 3716 sum,
931 3639 987 3733 qui
1012 3638 1215 3705 anteuerterit
1241 3656 1336 3733 atque
1362 3632 1446 3710 ultro
1479 3640 1676 3732 praeceperit
1707 3630 1924 3716 beneficium,
1958 3660 2000 3731 eo
2009 3670 2025 3716 ⁴,
2047 3635 2092 3713 iu

854 3760 908 3806 em
931 3736 1069 3834 gratiam
1094 3728 1160 3834 ipse
1186 3734 1378 3819 contuserit‚
1410 3734 1516 3807 musto
1551 3734 1722 3805 meliorem
1756 3729 1893 3821 indicat;
1927 3720 1952 3804 si
1985 3732 2091 3807 modo

805 3760 861 3907 isse
886 3830 1104 3935 praesumsisse
1129 3834 1391 3917 remordeatur.
1419 3862 1489 3909 non
1514 3832 1693 3933 possessoris
1718 3852 1906 3915 contemtu,
1932 3830 1987 3906 sed
2015 3836 2092 3908 ami·

810 3940 900 4009 ciriae
925 3934 1092 4033 singularis
1114 3932 1259 4007 fiducia:
1296 3964 1363 4036 qno
1389 3934 1494 4009 modo
1520 3932 1551 4007 se
1577 3933 1742 4032 Ge‘paedet
1759 3940 1802 4005 in
1827 3938 1999 4009 Romanor
2025 3932 2091 4037 ges·

808 4032 924 4107 serunt.
977 4043 1069 4137 Qae
1093 4060 1170 4106 cum
1194 4035 1303 4108 vessrie
1328 4040 1442 4107 animis
1474 4033 1720 4117 subiecerimns,
1753 4059 1927 4134 rogamus,
1961 4056 1996 4109 vt
2028 4062 2089 4137 pro

808 4132 917 4211 sociali
938 4141 1007 4207 iure
1032 4133 1265 4231 Langobardos
1289 4139 1462 4209 nosiscum
1488 4138 1604 4209 viribus
1643 4136 1793 4209 omnibus
1823 4134 2005 4209 inuadatie:¹
2040 4136 2089 4211 ves

808 4257 896 4308 certe
922 4262 940 4305 a
964 4256 1076 4309 neutra
1101 4234 1184 4307 sletis
1208 4255 1306 4334 parte.
1358 4242 1436 4337 Qio
1467 4233 1610 4335 suscepto
1648 4236 1807 4319 consilio,
1843 4264 1915 4311 rem
1955 4262 2092 4339 aequam

808 4362 847 4412 ac
870 4340 1027 4433 Romano
1052 4340 1194 4437 imperio
1220 4336 1555 4441 conuenientssunam
1579 4334 1730 4423 facietia„

1387 4542 1499 4643 §.a
1586 4508 1588 4515 ,

912 4700 1084 4776 Eiusmodi
1108 4698 1170 4777 fuit
1191 4702 1390 4807 ¹Gepaedum
1408 4710 1540 4781 oratio:
1570 4684 1658 4809 'quoe
1691 4670 1876 4782 strssiniannt
1901 4658 1988 4803 stup.
2014 4702 2087 4803 poss

803 4794 940 4897 longam
967 4799 1229 4879 deliberationem
1256 4807 1378 4883 remisit
1401 4815 1529 4895 irritos,
1568 4838 1606 4883 ac
1628 4814 1734 4881 iurato
1767 4827 1843 4879 cnm
1868 4804 2087 4903 langobardis

804 4894 963 4985 foedere,
984 4908 1038 4980 hie
1060 4905 1147 4982 miso
1171 4911 1319 5011 equitum
1344 4910 1417 5015 psus
1440 4907 1556 4991 decent
1583 4910 1702 4996 mssa,
1729 4904 1866 5011 ducibus
1889 4906 2087 4981 Constantia·

2037 5054 2084 5105 no

501 1550 504 1555 Ι
602 1574 803 1663 ᾗᾏμᾶ

596 3875 603 3915 1
707 3914 718 3935 N

844 5238 883 5293 te.
906 5218 947 5285 Id
971 5217 1043 5291 ibid.
1064 5240 1093 5305 p.
1105 5239 1169 5305 547.
