4917 6992
529 1147 535 1160 ’
646 1189 648 1194 ’
795 1235 867 1316 aa
1223 1167 1661 1289 uvuurconvu
1752 1162 1756 1177 '
1869 1137 1874 1144 ⁵

793 1549 876 1606 reret
900 1522 1026 1609 adius,
1059 1517 1104 1598 'et
1132 1544 1199 1626 qua
1231 1410 1586 1625 poeuleepldl'ms
1610 1517 1699 1626 apud
1724 1516 1862 1614 Scythas
1889 1516 1976 1596 eti'et
2021 1503 2120 1600 1110?

648 1653 669 1688 ⁴·
794 1627 853 1708 srbi
878 1619 1141 1705 neceffirudinem
1166 1622 1367 1700 intercedere
1393 1649 1473 1701 cum
1506 1622 1603 1701 Attila
1635 1619 1826 1725 respondit,
1862 1643 1896 1698 et
1918 1621 2083 1704 decretura

657 1799 660 1808 .
795 1729 855 1816 fibi
880 1757 959 1806 eum
982 1724 1146 1804 nonnullis
1170 1725 1237 1802 aliis
1250 1729 1404 1824 Scythiae
1429 1725 1625 1830 primoribus
1652 1734 1718 1801 eius
1744 1721 1935 1798 custodiam.
1990 1728 2083 1802 Narn

796 1837 967 1938 pervices
1000 1853 1271 1928 unumquemque
1311 1852 1429 1901 eorum
1463 1821 1661 1928 praescriptis
1698 1819 1830 1908 diebus,
1870 1853 1949 1900 oum
1988 1833 2084 1903 armis

797 1940 883 2010 circa
906 1930 1038 2006 Attilam
1064 1929 1213 2002 excubias
1238 1913 1373 2030 agere'
1395 1929 1494 2002 Tum
1520 1932 1722 2014 Eunuchus,
1759 1923 1785 1998 fr
1812 1953 1877 2026 qua
1898 1925 2007 2011 fides,
2036 1933 2086 2002 in·

796 2040 891 2148 quit,
925 2028 1207 2106 semaximorum
1239 2031 1407 2106 bonouun
1447 2028 1493 2106 illi
1530 2032 1702 2104 auuorem
1739 2024 1898 2102 futumm.
1948 2033 2014 2104 Cui
2038 2033 2088 2106 rei

796 2131 981 2211 tradlaudae
1006 2137 1076 2207 otio
1104 2158 1187 2232 opus
1212 2127 1284 2206 essc.
1336 2133 1416 2203 Hoc
1447 2155 1527 2205 vero
1554 2127 1613 2204 sni
1637 2125 1738 2211 fore,
1770 2124 1797 2202 sr
1828 2130 1903 2227 poll
1941 2157 2086 2210 coenatu

713 2245 718 2248 ’
797 2233 940 2320 rediret,
965 2229 1034 2308 stne
1049 2233 1164 2310 Orelli
1191 2253 1224 2306 et
1246 2231 1374 2332 reliquis
1398 2229 1568 2333 legationis
1594 2232 1773 2306 comitibus.
1824 2233 2001 2308 ranarum
2014 2231 2087 2335 pol·

797 2327 902 2415 licius
927 2335 1100 2420 barbarus,
1125 2336 1200 2408 cibo
1225 2326 1361 2414 sumto,
1386 2328 1428 2403 ad
1452 2335 1654 2408 Eunuchum
1680 2326 1843 2432 pergitsl.

804 2433 811 2440 ’
908 2437 1007 2540 Tum
1033 2473 1093 2548 per
1106 2445 1254 2549 ·Bigilanr
1295 2450 1506 2545 interpretem
1548 2445 1628 2520 datis
1666 2444 1786 2520 dextris
1824 2464 1858 2519 et
1881 2447 2088 2531 iureiurando

800 2548 1177 2729 ambulalat
1190 2549 1237 2722 ”l
1253 2550 1447 2721 {mis
1470 2543 1926 2724 intitulabat
1950 2558 2089 2728 llil}

803 2753 917 2836 eone,
939 2702 998 2834 l'e,
1024 2773 1107 2853 quae
1133 2746 1191 2822 fibi
1217 2736 1448 2833 crederentur,
1480 2775 1553 2822 non
1586 2729 1850 2834 enuntiandum,
1880 2703 2002 2828 etlamfi
2033 2782 2091 2840 ex,

802 2861 881 2956 equi
904 2851 1014 2926 nollet.
1067 2855 1171 2926 Tunc
1196 2853 1375 2928 Eunuchus
1399 2848 1549 2924 Edeooni
1574 2848 1677 2924 dixit:
1702 2849 1727 2924 ii
1751 2857 1787 2924 in
1812 2855 1978 2946 Scythiam
2003 2853 2091 2928 redi·

801 2984 862 3032 ens
888 2953 1023 3029 Attilam
1048 2946 1227 3038 firstulerit,
1267 2971 1302 3026 et
1326 2955 1560 3026 Romanorum
1593 2953 1735 3052 partibus
1768 2948 1946 3049 accesserit,
1982 2947 2088 3034 vitam
2169 3009 2178 3028 s

804 3065 841 3132 ir
863 3059 992 3158 magnis
1018 3055 1136 3154 opibus
1166 3055 1256 3129 beate
1288 3051 1522 3134 mduuunm
1549 3057 1740 3134 'Eunucho
1777 3054 1913 3128 Edecon
1949 3047 2089 3131 assensus

804 3157 946 3234 adiecit:
979 3151 1034 3230 Ad
1059 3157 1145 3228 banc
1169 3173 1241 3230 rem
1268 3153 1489 3256 peragendam
1515 3181 1598 3255 opus
1623 3153 1688 3230 effi
1713 3161 1885 3255 pecuniis,
1918 3181 1989 3231 non
2021 3162 2093 3258 qui·

804 3257 885 3336 dem
909 3256 1042 3340 multis,
1079 3251 1136 3329 sed
1161 3261 1393 3358 quinquaginta
1406 3263 1487 3357 'auri
1510 3255 1618 3340 libris,
1680 3281 1744 3329 uas·
1759 3257 1936 3340 militibus,
1975 3261 2092 3359 quibus

795 3356 984 3464 praeesset,
1010 3361 1066 3458 qui
1090 3355 1148 3430 fibi
1172 3357 1214 3430 ad
1239 3383 1312 3430 rem
1337 3361 1418 3456 impi
1459 3385 1478 3431 e
1504 3283 1730 3457 exequendam
1755 3355 1947 3432 adiumento
1973 3357 2091 3445 effent,

806 3457 992 3538 diuideret·
1026 3461 1116 3533 Cunr
1141 3459 1343 3543 Eunuchus,
1367 3385 1459 3532 nullar
1479 3460 1575 3532 mora
1594 3456 1815 3557 interpollet,
1851 3457 1940 3533 dare·
1956 3461 2090 3547 vellet,

807 3557 889 3636 dixit
915 3559 1086 3642 barbanu,
1111 3551 1143 3636 se
1166 3565 1255 3660 prius
1280 3556 1321 3630 ad
1345 3557 1595 3634 renuntiandam
1618 3559 1817 3660 legationem
1843 3557 1965 3635 dimitti
1991 3581 2091 3665 opor.¹

806 3682 899 3747 tere,
925 3683 957 3736 et
982 3687 1045 3738 vna
1070 3655 1180 3735 secum
1208 3661 1372 3762 Rigilam,
1406 3659 1522 3736 Attilae
1555 3658 1597 3733 de
1622 3659 1792 3762 transfugis
1816 3656 2010 3762 responsum
2040 3691 2092 3737 ao·

806 3785 1005 3864 neptunum,
1044 3789 1120 3836 curu
1160 3788 1228 3866 quo
1268 3759 1310 3834 de
1342 3760 1457 3836 ordine
1489 3759 1744 3882 componendae
1773 3766 1821 3835 rei
1858 3786 1989 3864 ageret,
2033 3770 2092 3867 qui

727 3951 734 3972 f
808 3891 965 3966 quoque,
1006 3859 1140 3962 quando
1179 3861 1271 3938 ladio
1308 3889 1392 3962 opus
1430 3860 1530 3948 esset,
1569 3891 1657 3939 uram
1689 3868 1757 3937 auri
1789 3859 1958 3940 deferendi
1988 3871 2094 3942 iniret.

806 3971 938 4045 Etenim
965 3963 1098 4038 Attilam
1124 3957 1179 4048 se,
1203 3961 1395 4064 suntdatque
1420 3961 1570 4049 redierit,
1605 3969 1915 4064 percundlatunrm,
1953 3987 1991 4042 vt
2021 3969 2094 4041 reli·

764 4065 767 4072 ’
817 4095 891 4156 ¹uos
919 4091 1061 4148 omnes,
1101 4067 1170 4162 quis
1197 4091 1334 4158 munera
1364 4061 1422 4137 fibi
1448 4062 1665 4166 selagine,
1704 4087 1737 4139 et
1761 4087 1898 4166 quantae
1935 4077 2094 4166 pecuniae

805 4095 870 4244 lunt
896 4166 940 4242 illi
965 4193 984 4236 a
1008 4167 1165 4240 Romanis
1191 4161 1283 4238 done
1309 4161 1408 4239 datae.
1458 4169 1576 4266 Neque
1608 4163 1643 4239 id
1669 4165 1772 4240 celare
1808 4193 1867 4267 per
1890 4169 2032 4269 reliqum
2059 4191 2095 4250 et

650 4353 651 4358 ἵ
809 4271 946 4344 comites
973 4265 1099 4336 licitum
1124 4259 1207 4338 fure.
1258 4261 1351 4338 Visus
1379 4265 1425 4340 est
1450 4270 1615 4342 Eunucho
1640 4268 1789 4342 barbarus
1812 4272 1902 4355 radia
1937 4266 2097 4362 serrare,

807 4387 839 4444 et
863 4371 932 4442 eius
956 4363 1004 4440 eil
1029 4363 1197 4466 amplexus
1222 4361 1424 4442 sententian.
1979 4385 1984 4394 ’

909 4610 1020 4758 ltaque
1045 4681 1064 4727 a
1099 4681 1203 4730 coena
1230 4637 1360 4731 dimiffo
1386 4537 1607 4759 lbdbbbneJ,
1637 4652 1683 4732 ad
1706 4661 1940 4758 imperatorem
1965 4653 2096 4732 consali-

806 4777 866 4831 um
892 4761 1009 4834 ininmr
1037 4753 1301 4857 [chrysaphius]
1327 4754 1463 4846 detulit,
1502 4764 1557 4860 qui
1583 4759 1810 4843 Martialium,
1847 4759 1993 4862 magistri
2016 4759 2094 4834 offi-

809 4861 938 4934 ciorum
964 4885 1102 4936 munere
1125 4853 1346 4962 fungentem,
1371 4859 1413 4938 ad
1436 4859 1470 4938 se
1493 4857 1760 4963 venireinss‘run,
1784 4856 1922 4946 docuit,
1947 4886 2097 4978 cqnuen·

1207 5002 1209 5008 .
1963 4980 2097 5039 nonem

841 5137 888 5224 s)
913 5119 986 5218 ἔιγε
1013 5149 1090 5247 neap
1128 5119 1237 5202 doru
1273 5127 1333 5205 ἔπι
1368 5095 1430 5218 det·¹
1477 5151 1610 5217 uorat,
1645 5128 1705 5210 ἔπι
1737 5153 1801 5216 την
1836 5129 1966 5210 demon
2000 5152 2098 5228 argos·

809 5253 892 5306 aruer
917 5219 1334 5328 iubos-uuoxourvosdt
1343 5221 1427 5312 rulo
1477 5259 1537 5310 rer
1556 5230 1709 5326 εὐνεχον
1743 5255 2042 5332 moyssonem.
2075 5290 2080 5294 .
