4917 6992
1661 1310 1866 1395 Implvsrr·

1662 1412 1782 1459 uranu
1805 1401 1839 1475 1.¹

365 1522 477 1620 potirit
499 1509 680 1588 firmissime
703 1508 744 1583 ad
769 1509 933 1586 trimulum
960 1515 1123 1616 quendam
1148 1514 1215 1590 line
1240 1514 1436 1616 sepulchrale
1451 1546 1647 1597 monumen·

365 1640 440 1693 trun
466 1642 559 1719 tergo
586 1620 784 1698 imminens,
810 1614 996 1715 mrdtosque
1019 1644 1062 1689 ex·
1090 1616 1232 1691 hostibus
1260 1620 1403 1703 occidit,
1427 1619 1533 1694 modo
1546 1630 1646 1722 impe·
1695 1684 1697 1687 .

361 1714 459 1792 tuose
483 1723 518 1790 in
543 1741 599 1789 eos
623 1717 770 1799 inntens,
794 1714 900 1789 modo
926 1714 1056 1791 aduersa
1081 1714 1191 1791 fronte
1214 1716 1331 1793 sensim
1344 1718 1531 1795 'retrorsum
1556 1722 1587 1798 se
1600 1752 1648 1796 re-

356 1824 498 1919 eipiens.
548 1822 638 1891 Cum
663 1842 743 1891 vero
768 1822 798 1889 ei
824 1822 921 1890 etiam
948 1817 994 1892 fic
1018 1818 1125 1892 adhue
1148 1824 1312 1922 integrum
1340 1820 1437 1906 elset,
1469 1850 1568 1924 quarn
1599 1823 1646 1897 fa·

356 1922 485 1998 <illisne
506 1914 621 2020 fugam
636 1914 813 2019 capessere,
836 1914 958 2017 suique,
982 1941 1018 1996 vt
1033 1926 1075 1993 ita
1098 1916 1235 2007 faceret,
1261 1925 1481 1997 hortarentur:
1505 1930 1548 1998 Et
1576 1940 1644 2025 quo

354 2025 484 2126 -pat‘lo,
510 2025 636 2121 inquit,
670 2014 810 2093 Narseus
835 2019 982 2121 linguam
1003 2018 1229 2108 sustinuerim,
1268 2030 1450 2099 temeritatis
1489 2052 1545 2099 me
1572 2024 1645 2101 inst-

354 2123 570 2199 ·mulanteml
595 2126 797 2195 Conuicitrm
821 2122 951 2221 itaque,
976 2128 1021 2197 vti
1046 2121 1194 2208 videtur,
1229 2132 1332 2227 magis
1372 2152 1470 2225 quam
1524 2125 1646 2203 lad-ium

360 2220 599 2307 extimeloens,
623 2220 765 2322 mansit,
793 2222 1134 2397 etquampliutiffime
1161 2224 1294 2310 relb'tit,
1320 2254 1427 2325 neque
1454 2154 1569 2301 derisit
1585 2256 1644 2327 pu,

361 2354 489 2430 gnare,
527 2322 635 2410 donec
660 2320 851 2397 circumsula
886 2328 933 2397 ho
949 2349 1030 2399 num
1068 2324 1299 2411 multitudine,
1337 2326 1509 2427 multisque
1534 2330 1642 2405 iactrlis

359 2430 499 2531 pedore
521 2430 691 2526 exceptis,
711 2421 813 2498 stetui
836 2430 932 2499 etiam
959 2431 1053 2527 capiti
1078 2430 1243 2527 impedia,
1278 2448 1309 2501 et
1335 2434 1401 2501 iam
1433 2458 1510 2503 cum
1533 2452 1642 2503 morte

353 2528 575 2614 nunditiam,
610 2554 732 2627 pronus
754 2522 947 2600 insontum
973 2527 1126 2602 concidit.
1176 2536 1281 2627 Super
1304 2532 1394 2602 hunc
1422 2558 1501 2605 vero
1528 2531 1643 2632 reliqui

361 2638 482 2717 etiam
508 2648 672 2731 quotquot
696 2633 725 2701 ei
749 2624 977 2715 adhaeserant,
1004 2628 1045 2703 ad
1061 2656 1173 2705 'vnum
1186 2654 1317 2715 omnes,
1344 2629 1411 2705 fine
1435 2628 1490 2705 sua
1515 2628 1642 2733 sponte,

361 2732 433 2811 fine
455 2730 564 2808 hostili
588 2736 641 2815 vi,
667 2725 740 2804 sunt
763 2728 921 2804 trucidati.
1215 2740 1220 2748 '

977 2892 985 2909 .
1027 2858 1055 2906 2-
1561 2880 1566 2888 ·

464 2932 591 3009 Fulcari
615 2937 722 3031 itaque
745 2833 1138 3033 Herutommlpriefetto
1169 2924 1269 3006 'caeso
1303 2958 1374 3005 nou
1404 2926 1465 3003 snit
1483 2920 1642 3010 ¹diuturna

254 3114 263 3123 ,
357 3033 444 3112 illius
469 3029 629 3135 dignitatis
653 3030 827 3132 potseffio,
865 3030 921 3107 sed
944 3028 1034 3109 breui
1070 3031 1255 3107 admodum
1300 3054 1450 3131 tempore
1482 3028 1641 3131 prosperis

359 3138 477 3222 rebus,
502 3136 602 3211 veluti
628 3134 743 3208 laetitia
769 3132 910 3235 quadam
936 3164 1019 3237 quae
1043 3132 1274 3210 somniantibus
1301 3132 1438 3215 accidit,
1465 3130 1564 3215 vsus,
1591 3160 1642 3205 ce·

356 3238 462 3313 lerem
486 3238 597 3310 habuit
623 3256 656 3307 et
680 3234 898 3335 praefedlurae
930 3258 962 3310 et
972 3232 1071 3312 ‘vilse
1096 3242 1221 3309 exitum
1241 3261 1301 3305 -ac
1325 3236 1489 3309 finem-
1515 3238 1642 3332 Copiae

358 3365 443 3415 vero
469 3340 724 3421 Romanorum,
749 3364 826 3438 quas
852 3344 989 3411 Ioannes
1002 3336 1155 3413 Butaliani
1181 3337 1290 3417 filius,
1314 3357 1348 3411 vt
1372 3359 1464 3409 antea
1489 3327 1582 3416 dixi,
1610 3353 1641 3406 et
1709 3325 1716 3332 ’

360 3438 535 3517 Artabanus
568 3437 748 3522 ducebant,
779 3459 877 3513 etex
903 3440 1033 3515 Herulis
1063 3459 1227 3539 quotquot
1251 3433 1329 3538 fuga
1362 3434 1546 3527 euaserant,
1584 3440 1640 3509 Fa·

359 3544 505 3615 nentium
531 3540 636 3613 statim
659 3534 723 3612 sele
736 3562 991 3637 ‚receperunt-
1019 3540 1118 3612 Hisce
1144 3568 1223 3613 vero
1248 3540 1341 3610 rebus
1366 3534 1491 3611 Narseti
1518 3541 1640 3608 nuntia·
1677 3551 1728 3625 45.

357 3648 421 3726 tis,
447 3639 576 3716 dolebat
599 3639 650 3713 ille
677 3637 809 3739 quidem
837 3641 1036 3738 molesteque
1060 3637 1403 3712 ferebatbarbarorurn
1426 3632 1639 3721 insolentiam,

359 3746 394 3817 et
419 3740 512 3843 qnod
536 3742 675 3816 Fulcaris
701 3746 742 3813 ita
769 3738 870 3813 subito
897 3736 1057 3840 periisset3
1092 3736 1141 3813 vir
1166 3768 1236 3811 non
1263 3766 1280 3809 e
1305 3738 1413 3811 multis
1447 3762 1568 3833 neque¹
1583 3738 1639 3807 ob·

358 3841 490 3927 scuras,
514 3839 570 3918 sed
596 3844 740 3915 strenuus
763 3846 932 3940 inprimis,
956 3839 1129 3939 multisque
1153 3842 1293 3914 vit‘loriis
1319 3840 1444 3919 clarus,
1478 3840 1533 3933 qui
1556 3860 1639 3907 nun·

360 3972 462 4047 quam
488 3948 528 4019 ab
553 3944 645 4018 hoste
670 3949 756 4018 vinci
780 3938 948 4044 potuisset,
973 3939 998 4014 li
1022 3938 1230 4043 prudentiam
1254 3967 1331 4013 cum
1354 3933 1544 4012 fortitudine
1559 3942 1639 4009 con'·

358 4048 512 4123 uanam
532 4041 698 4120 habuisset.

469 4245 944 4348 Posteaquam-Hentlorum
954 4146 1124 4317 biliosus
1150 4248 1286 4341 proprio
1318 4247 1436 4314 iterum
1464 4232 1547 4310 duce
1577 4230 1639 4310 fuit
1672 4228 1741 4311 46.

360 4354 512 4435 orbatus,
535 4351 602 4424 duo
628 4370 737 4421 antem
761 4354 844 4421 inter
869 4374 924 4420 eos
952 4343 1051 4419 ellent
1074 4350 1133 4418 viri
1159 4342 1324 4444 insignes,
1348 4339 1530 4438 'dubiaeque
1555 4342 1638 4416 inter

358 4452 757 4557 sepraellantiae,.varie
783 4455 818 4521 in
844 4470 1018 4549 utrumque
1043 4446 1183 4519 militum
1209 4448 1308 4517 animi
1337 4462 1368 4513 et
1381 4434 1481 4512 studia
1507 4440 1638 4511 inclina·

358 4578 447 4631 runt.
495 4562 572 4631 Vna
595 4558 685 4627 eninr
709 4556 864 4623 exercitus
888 4577 959 4647 pars
989 4552 1093 4622 llruth
1118 4552 1254 4619 maximi
1287 4542 1444 4623 faciebat,
1476 4540 1646 4641 planeque·

358 4657 419 4732 fibi
444 4654 673 4759 persuadebat,
699 4658 811 4725 omnia
826 4652 941 4724 melius
967 4640 1161 4731 sucoelsura,
1188 4644 1280 4720 fiille
1305 4642 1378 4744 ipsrs
1407 4640 1473 4713 dux
1500 4640 1635 4715 daretur.

359 4761 451 4834 alteri
471 4764 556 4863 parti
581 4760 683 4858 magis
708 4754 852 4851 placebat
878 4751 1034 4833 sindual,
1058 4771 1093 4824 vt
1117 4749 1261 4819 strenuus
1292 4749 1458 4824 maxime,
1486 4764 1517 4815 et
1544 4748 1578 4815 in
1597 4769 1637 4843 re

358 4861 473 4936 bellica
496 4856 588 4937 ralde
614 4861 807 4931 exercitatus.
861 4856 924 4926 Cui
950 4850 1084 4950 quidem
1109 4852 1190 4947 parti
1217 4840 1491 4919 etiamassentiens
1506 4838 1636 4925 Narses,
1740 4912 1742 4915 ,

357 4966 450 5039 hunc
476 4970 519 5037 eis
545 4960 665 5034 ducem
689 4954 863 5056 praefecit3
888 4950 1036 5052 misitque
1061 4954 1158 5023 etiam
1185 4950 1278 5031 hos,
1297 4946 1358 5019 vbi
1376 4939 1664 5051 commodilllrrre·

357 5062 548 5141 videbantur
574 5063 792 5157 hybernaturi.
821 5110 853 5147 ‚-
952 5058 982 5129 K
1008 5056 1030 5127 k
1055 5055 1077 5124 k
1102 5074 1120 5140 3
1530 5048 1559 5146 ᾗ.
1586 5054 1636 5140 54

403 5229 805 5314 numqua
911 5201 913 5204 ’
1053 5216 1378 5301 namqu
