4917 6992
594 1334 797 1421 Implvsrr-

594 1437 715 1487 nrnuo
735 1426 759 1486 t„

700 2219 766 2288 m.

799 1156 870 1313 tir
1047 1293 1051 1301 ,
1200 1182 1667 1321 ,οοτἨιοοινΜ
1783 1270 1785 1275 2

1346 1420 1374 1491 a.
1398 1420 1437 1493 C.
1463 1439 1539 1513 540,

805 1556 974 1646 praeerat,
1001 1564 1079 1613 eunt
1103 1536 1242 1621 eadem,
1269 1562 1333 1638 qua
1359 1543 1497 1621 caeteri,
1522 1541 1646 1610 ratione
1673 1528 1713 1605 ad
1738 1524 1923 1605 Belisarium
1959 1533 2089 1641 legatos

802 1644 881 1720 ideo
907 1636 1058 1724 mififfet,
1085 1646 1159 1741 quia
1182 1635 1347 1735 Belisarius
1371 1636 1467 1737 ipfiua
1492 1637 1597 1721 filios,
1623 1660 1706 1735 quos
1718 1636 1892 1707 Rauennae
1903 1636 2084 1729 inuenerat,

802 1746 1195 1829 retinebat3-Rauenna1n
1219 1737 1286 1839 ipse
1310 1766 1380 1811 non
1404 1744 1517 1837 petiit,
1541 1764 1647 1838 neque
1671 1739 1705 1805 in
1730 1730 1866 1806 Betisarii
1888 1740 2085 1833 potestatem

801 1851 901 1926 venit.
953 1844 1042 1919 Nam
1064 1849 1094 1918 ei
1119 1840 1204 1919 casus
1230 1840 1363 1944 quidam
1384 1837 1518 1925 incidit,
1544 1836 1677 1939 dequo
1702 1860 1785 1913 mox
1813 1830 1929 1935 dicam.

1213 2096 1220 2126 .
1373 2028 1405 2127 t·
1430 2048 1502 2117 24³·

907 2198 986 2271 ‘His
1009 2203 1052 2269 ita
1074 2193 1192 2295 gestis,
1210 2191 1378 2293 ,Augustus
1390 2218 1461 2265 non
1475 2210 1541 2263 tam
1555 2193 1764 2263 inimicorum
1778 2188 1966 2277 calumniis,
1979 2213 2082 2295 quam

802 2318 940 2395 urgente
966 2302 1032 2369 iam
1056 2296 1140 2373 bello
1167 2292 1295 2367 Persico
1320 2290 1497 2393 impulsus,
1523 2287 1705 2366 Bettsariun
1719 2292 1912 2383 Byzantium
1923 2301 2084 2371 reuocat'.

804 2398 902 2468 Trun
927 2401 1064 2482 Gotthi,
1089 2402 1145 2497 qui
1167 2415 1254 2487 trans
1278 2390 1403 2468 Padum
1428 2394 1568 2469 fluuium
1594 2412 1626 2465 et
1649 2396 1843 2466 Rauennam
1874 2395 2081 2482 habitabant,

733 2496 737 2504 ’
803 2495 900 2570 allato
932 2504 1086 2580 nuncio,
1119 2498 1267 2568 reuocari
1299 2496 1338 2567 ab
1369 2496 1517 2595 Augusto
1549 2489 1755 2584 Belisnn'um,
1782 2498 1828 2567 ‘et
1857 2499 1923 2568 iam
1953 2524 2082 2599 magno

799 3899 998 3987 censuerunt.

693 4892 760 4969 178.

804 2596 912 2671 studio
944 2597 1188 2697 profetiionem
1231 2606 1365 2695 parare³
1390 2622 1459 2668 vno
1499 2589 1656 2667 consensu
1693 2598 1728 2664 in
1765 2595 1879 2671 vrbem
1917 2600 2082 2675 Ticinum

804 2698 850 2771 V
845 2702 972 2781 ram,
997 2726 1039 2772 ex
1062 2694 1174 2770 sorore
1198 2717 1356 2795 nepotem
1374 2698 1757 2796 Vitigis,.conueuiunt,
1784 2691 1997 2797 eipsumque,
2045 2708 2082 2774 ui

801 2798 921 2869 harum
949 2797 1187 2881 caiarrritatum,
1226 2826 1304 2870 cum
1331 2794 1386 2869 sua
1413 2800 1600 2871 autioritate
1624 2816 1691 2867 tarn
1715 2801 1853 2869 inertem
1879 2820 1975 2897 atque
1998 2728 2081 2873 inie-

799 2895 899 2971 licem
922 2897 1047 2972 tamdiu
1072 2896 1248 2972 sustentant
1274 2903 1480 2997 principem,
1509 2894 1599 2970 causa
1626 2896 1776 2967 exstiterit
1799 2904 1995 2999 praecipua,
2031 2926 2082 2975 re·

798 3023 907 3099 grunn
932 3022 968 3073 vt
994 2996 1137 3100 suscipiat
1162 3004 1340 3073 hortantur.
1394 3004 1527 3081 Vraias,
1558 2992 1590 3070 se
1615 3018 1646 3069 et
1670 3001 1783 3069 omine
1809 3022 1928 3097 parum
1951 2998 2081 3089 fausto,

796 3120 878 3173 ‘aum
904 3098 945 3171 ad
971 3107 1175 3203 propinquos
1200 3096 1378 3173 infortunia
1404 3104 1576 3200 propagari
1608 3118 1788 3196 putentur,
1823 3124 1886 3172 nec
1917 3098 1984 3185 fine
2015 3099 2082 3179 sce»

798 3198 866 3274 lere
891 3203 1043 3277 autmculi
1068 3230 1209 3303 regnum
1238 3222 1473 3300 occupaturum
1499 3196 1711 3281 ossmdnm',
1738 3201 1941 3275 Gotthorum
1965 3232 2081 3305 regern

799 3306 1032 3376 inextremum
1044 3302 1128 3376 istud
1140 3300 1311 3375 discrimen
1321 3299 1531 3403 deligendum
1543 3296 1789 3374 effelldibadum
1798 3300 1942 3399 {censet}
1954 3300 2082 3381 summa

796 3407 905 3475 virum
930 3400 1119 3477 fortitudine
1146 3426 1178 3476 et
1202 3409 1341 3480 nauitate
1364 3402 1538 3502 singulari:
1566 3406 1644 3503 qui,
1679 3420 1712 3473 vt
1736 3426 1906 3503 appareat,
1937 3411 1972 3481 in
2003 3407 2080 3485 belli

797 3498 983 3580 societatem
1014 3505 1161 3578 Tlreudin
1185 3502 1408 3585 auunculum,
1434 3501 1695 3603 Vifigotthorutn
1721 3526 1833 3599 regern
1847 3510 1863 3589 ',
1885 3510 2081 3607 propinqui.

800 3606 869 3676 tatis
894 3602 1025 3678 uinculo
1051 3603 1249 3709 petratturus
1274 3604 1323 3681 su.
1373 3610 1484 3709 Itaque
1515 3600 1546 3681 se
1578 3600 1706 3675 meliori
1743 3628 1821 3675 curn
1856 3602 1910 3703 spe
1949 3608 2080 3685 hostem

797 3711 895 3779 armis
922 3711 1085 3801 patinuos,
1094 3744 1151 3763 ·-
1250 3758 1261 3767 --

903 3810 1036 3885 Vraiam
1051 3824 1099 3885 xea
1121 3802 1267 3897 suasore,
1295 3830 1378 3911 quae
1402 3810 1546 3881 maxime
1568 3801 1780 3909 expedirent,
1814 3808 1928 3885 Gotthi
1962 3834 2080 3891 onmes

1368 4009 1398 4104 ᾗ.
1426 4028 1501 4097 2⁸44.

899 4165 1207 4245 Protinns‘Vetona
1233 4176 1349 4245 accitur
1375 4168 1534 4245 ildibadus'
1557 4167 1669 4243 affuit:
1696 4196 1795 4270 quom
1818 4204 1894 4253 cum
1906 4176 2079 4257 induissent

797 4288 963 4363 purpura,
990 4296 1113 4370 regem-
1129 4269 1324 4357 salutarunt,
1350 4293 1569 4374 rogaruntque
1594 4292 1629 4345 vt
1652 4268 1809 4371 praesenti
1838 4306 1947 4353 rerum
1985 4283 2078 4357 statui

799 4363 987 4441 consuleret.
1230 4392 1237 4396 ’
1762 4396 1765 4401 “
2057 4380 2062 4387 ’

899 4474 945 4541 lte
971 4495 1029 4541 rex
1053 4464 1156 4545 faetus
1180 4471 1362 4558 lidibadus,
1386 4466 1483 4575 pauso
1511 4471 1584 4573 post
1610 4481 1795 4547 conuocatis
1821 4482 1950 4551 Gotthis
1971 4486 2078 4552 omni·

798 4566 880 4650 bus,
905 4578 983 4640 ceos
1009 4596 1028 4639 a
1052 4578 1229 4646 temeritate
1252 4578 1369 4673 procul
1394 4573 1519 4657 abesse,
1546 4583 1599 4644 et³
1625 4601 1702 4645 cunr
1731 4572 1798 4672 ipso
1823 4584 1910 4676 prius
1928 4578 2077 4657 Belisario

799 4694 895 4767 agere
921 4690 954 4741 et
978 4666 1055 4743 dare
1080 4700 1215 4773 operam
1241 4676 1349 4759 iubet,
1375 4698 1410 4751 vt
1434 4675 1473 4749 ad
1499 4674 1665 4771 pristinam
1690 4680 1878 4773 pastionem
1904 4676 2077 4766 serefemt,

800 4788 872 4840 tum
898 4765 1034 4842 demum
1058 4771 1099 4846 ad
1124 4802 1161 4847 ea
1186 4775 1363 4877 progredi,
1390 4806 1472 4877 quae
1496 4772 1638 4848 secundo
1655 4776 1733 4847 loco
1747 4776 1872 4877 agenda
1885 4778 1955 4852 surt.
1982 4788 2077 4865 cSen-

801 4875 933 4941 tentiam
958 4869 1091 4947 ssdibadi
1114 4879 1294 4977 probarunt
1319 4882 1456 4964 Gotthi,
1491 4900 1522 4954 et
1549 4878 1742 4950 Rauennam
1780 4879 1902 4981 legatos
1933 4910 2077 4981 propere

1981 4980 2074 5078 inise-
2176 4986 2180 4990 ’

843 5176 901 5235 ¹77·
927 5162 1076 5223 Procot’.
1100 5160 1136 5225 de
1156 5166 1188 5226 B.
1214 5166 1247 5226 G.
1276 5166 1307 5228 t,
1332 5168 1366 5229 11.
1387 5184 1413 5227 r.
1504 5178 1569 5243 ¹784
1589 5164 1630 5229 Id.
1656 5162 1728 5233 ibssd.
1749 5182 1778 5249 r·
1802 5168 1869 5238 464·

797 5260 843 5321 30.
867 5264 898 5335 p.
923 5254 990 5323 452,
1013 5252 1076 5320 463.
