4917 6992
763 1161 773 1168 -
879 1221 1184 1344 cuturn
1589 1247 1659 1322 '¹35

1664 1330 1872 1413 Implvsrt·

881 1447 909 1496 ι
940 1427 979 1496 ς,
1004 1427 1146 1523 5²6534·
1663 1418 1827 1479 urauol.

368 1573 555 1630 cumauro
582 1545 646 1626 sese
669 1556 857 1652 reciperet,
881 1549 1105 1653 euaderetque.
1156 1553 1235 1626 Hoc
1260 1545 1487 1624 Amalasuntha
1518 1553 1657 1634 consilio
1851 1638 1855 1651 ¹

365 1679 489 1731 nauem
514 1651 738 1748 Epidamnum
763 1649 871 1726 mifit:
897 1681 959 1754 qua
984 1651 1024 1724 ad
1043 1673 1178 1752 portum
1196 1647 1537 1760 ifliusurbisappuisa,
1562 1683 1658 1756 paru.

365 1783 425 1832 ore
456 1751 614 1828 mandatis
639 1760 695 1856 qui
725 1759 897 1854 pecuniam
922 1749 1094 1831 seruabat.
1730 1763 1735 1768 ’

449 1853 549 1930 Paulo
574 1856 650 1954 post
672 1851 924 1937 Amaiastmtha,
949 1859 1083 1954 peradis
1109 1858 1275 1928 exanimi
1305 1847 1458 1926 sententia
1483 1852 1653 1940 caedibus,

368 1983 450 2058 quar
475 1962 717 2056 imperauerat,
754 1961 864 2028 nanim
890 1963 1085 2040 reuocauit,
1111 1978 1145 2030 et
1167 1959 1345 2030 Rauennae
1382 1982 1552 2042 manens,
1590 1954 1655 2032 sce·

354 2079 486 2162 ,ptmm
512 2084 614 2132 manu
638 2054 827 2133 vatidiffuna
852 2061 961 2130 tenuit.

958 2159 990 2255 ᾗ.
1017 2180 1084 2252 ¹45·

447 2283 564 2356 iun-rx
605 2281 749 2357 Gotthos·
788 2279 920 2383 quidam
957 2301 1051 2365 erat,
1090 2285 1231 2352 nomine
1262 2281 1534 2363 srmone-rvr,
1571 2277 1655 2354 filius
1699 2311 1760 2363 tta.

350 2377 643 2480 .'Amoiafridae'²)
668 2379 785 2454 sororia
811 2379 1040 2469 Theoderici,
1066 2384 1223 2482 prouedia
1248 2384 1315 2452 iam
1340 2399 1442 2452 aetate
1464 2381 1595 2462 hom0,
1621 2408 1659 2452 ac

368 2485 494 2556 latinia
517 2481 649 2581 quidem
673 2482 768 2556 literis
795 2501 829 2553 et
851 2479 1058 2581 philosophia
1083 2481 1221 2554 Platonis
1247 2483 1389 2551 imbutus
1411 2532 1422 2562 ,
1449 2478 1504 2552 sed
1529 2486 1577 2552 rei
1593 2483 1657 2558 bei·

370 2582 458 2656 licae
480 2580 572 2681 piane
597 2581 708 2668 rudis,
739 2581 866 2656 summe
891 2587 1050 2682 ignauus,
1088 2603 1121 2654 et
1145 2583 1294 2653 auaritiae
1325 2577 1448 2651 deditio
1473 2601 1562 2654 extra
1583 2608 1657 2658 mo·

372 2680 466 2758 dum.
517 2689 584 2756 Hic
608 2711 764 2784 agrorum
781 2669 935 2756 ’rusciae
966 2705 1091 2782 partem
1127 2686 1307 2754 maximam
1344 2708 1422 2752 cum
1458 2679 1657 2779 poffideret,

373 2785 547 2882 ereliquis
581 2787 747 2858 exturbare
774 2781 927 2856 dominos
951 2785 1151 2866 enitebatur,
1191 2799 1296 2884 genua
1328 2778 1498 2882 quoddam
1520 2777 1657 2860 infelici·

375 2883 446 2958 tatia
471 2882 535 2960 esse
561 2881 699 2971 dicens,
724 2885 844 2960 habere
866 2890 1007 2960 vicinos.
1537 2892 1557 2908 ”

950 3031 981 3130 §.
1018 3035 1089 3120 146.

456 3158 561 3255 Qum
588 3121 731 3226 hominis
758 3148 966 3252 cupiditatem
992 3159 1086 3228 omni
1111 3152 1216 3246 studio
1248 3156 1441 3256 reprimebat
1470 3151 1663 3232 Amatha·

375 3257 455 3326 tha:
484 3255 624 3353 ideoque
651 3257 734 3326 hanc
759 3255 810 3326 iiie
836 3255 1019 3352 inexpiabiii
1058 3253 1138 3328 odio
1175 3259 1450 3357 prosequebatur,
1490 3263 1658 3358 vidiusque
1710 3303 1714 3308 ·

376 3357 603 3454 impatientia,
629 3351 790 3428 Tusciam
814 3361 849 3426 in
874 3356 1037 3429 Iustiniani
1061 3370 1148 3476 Aug.
1176 3360 1371 3459 potestatem
1406 3358 1536 3434 tradere
1569 3365 1659 3460 cog'.

375 3459 484 3539 tabat,
521 3477 557 3529 ut
581 3457 619 3528 ab
646 3463 688 3528 do
721 3455 820 3550 muita
847 3459 957 3530 aridius
980 3483 1141 3558 pecuum,
1178 3481 1213 3533 ct
1247 3467 1283 3536 in
1318 3457 1465 3536 senatum
1502 3460 1655 3546 Alecto,

365 3555 539 3654 ¹deinceps*
556 3561 701 3650 Byzantii
735 3562 834 3630 vitam
859 3567 998 3658 ageret.'
1239 3649 1244 3656 ,
1403 3624 1408 3632 .

467 3661 558 3730 Cum
582 3656 616 3729 id
627 3655 806 3732 Theodato
821 3655 1029 3732 deliberattun
1043 3656 1119 3732 ess'et
1130 3659 1252 3759 ,legati
1264 3657 1304 3730 ad
1317 3663 1514 3732 Romanum
1523 3659 1660 3758 pontifi·

262 3758 267 3766 ’
380 3760 460 3828 cem
485 3779 640 3830 venerunt
663 3763 825 3858 Hypatius
849 3757 1068 3857 Ephesiorum
1101 3761 1259 3842 antistet,
1295 3787 1333 3830 ac
1365 3765 1549 3832 Demetrius
1584 3763 1657 3832 Phi·

376 3854 601 3955 iippenfitun,
626 3864 679 3959 qui
704 3857 775 3932 suni
798 3867 832 3932 in
856 3859 1078 3942 Macedonia,
1105 3879 1139 3931 vt
1164 3858 1206 3932 de
1233 3859 1285 3931 ,eli
1312 3865 1394 3930 ionis
1413 3859 1568 3960 dogmate
1585 3887 1658 3960 age·

376 3977 473 4058 rent,
498 3963 532 4030 in
559 3985 626 4059 quo
652 3957 752 4032 dubiis
781 3957 938 4036 sententiis
952 3967 1034 4033 iuter
1047 3955 1081 4032 sc
1093 3959 1262 4032 Christiani
1281 3888 1471 4034 (dissentiunt.
1487 3999 1526 4010 -
1539 3960 1659 4034 Theo-

378 4057 473 4132 datus
495 4087 572 4132 curn
595 4060 704 4158 legatis
730 4061 788 4133 iliis
813 4062 896 4136 ciam
923 4065 1125 4144 collocutus,
1154 4089 1238 4162 quae
1258 4059 1405 4133 dicebam
1425 4057 1557 4144 modo,
1582 4056 1659 4159 ipsit

373 4159 475 4259 piane
502 4157 685 4270 expofirit,
724 4167 966 4268 iniunxirque,
1014 4184 1048 4238 ut
1071 4167 1189 4235 initum
1211 4190 1234 4234 a
1262 4159 1295 4236 se
1326 4161 1499 4241 confilium
1534 4161 1661 4237 iustini-

377 4279 446 4334 ano
470 4269 557 4362 hug.
575 4269 798 4352 enuntiarent.

968 4422 975 4437 .
1010 4391 1022 4436 1
1070 4419 1079 4436 .

458 4487 538 4558 Hoc
559 4489 690 4562 interim
714 4481 816 4587 spatio
842 4365 1145 4574 Atuarscussscum
1168 4491 1207 4564 in
1228 4489 1396 4590 crapulam
1421 4485 1521 4565 effuse
1548 4487 1655 4564 seim·

376 4582 556 4670 mersisset,
582 4590 651 4663 tabe
667 4590 797 4663 'confici
822 4595 939 4690 coepit
1565 4580 1673 4666 Hinc*
1759 4657 1773 4698 ι.

422 4785 475 4832 112.
499 4775 649 4840 rnocor.
674 4776 711 4838 de
732 4777 764 4838 B.
786 4779 826 4838 G.
846 4779 878 4838 L.
896 4779 920 4838 1.
939 4791 998 4843 oa.
1048 4797 1073 4840 c.
1098 4791 1132 4847 13.
1157 4796 1186 4858 p.
1212 4795 1275 4852 344.
1296 4777 1404 4836 marito
1431 4773 1482 4835 suo
1496 4777 1656 4837 Hermene-

377 4875 571 4945 p.313,314.
1049 4859 1130 4922 frido
1169 4865 1235 4942 post
1271 4861 1456 4923 Theoderici
1492 4863 1606 4923 obitum
1641 4883 1660 4926 a

421 4939 470 5020 ir)
500 4946 595 5006 Soror
627 4945 780 5007 Theodati
818 4947 906 5006 huius
940 4941 998 5012 suit
1048 4948 1164 5009 Francis
1186 4947 1308 5025 occiso,
1331 4970 1397 5008 cum
1421 4943 1521 5008 libetis
1544 4940 1660 5031 elapsa,

376 5027 615 5114 Ameioberga,
645 5029 875 5093 Hermcnesrido
910 5033 997 5092 Tho·
1049 5036 1088 5096 ad
1110 5033 1229 5095 fratrent
1256 5035 1338 5096 suum
1351 5035 1565 5116 Theodotum,
1589 5053 1659 5095 tunc

377 5117 536 5192 ringorutn
577 5119 640 5196 regi
661 5135 776 5200 nupta,
804 5120 872 5181 uide
896 5125 923 5198 §.
948 5127 995 5182 60.
1046 5123 1187 5204 temporis
1212 5125 1395 5188 Gouhorum
1413 5139 1541 5201 regem,
1563 5119 1595 5182 st
1613 5139 1666 5180 τε·

377 5205 483 5280 Haec,
507 5203 577 5268 teste
598 5208 806 5290 Procopium.
829 5207 902 5269 Lde
917 5207 948 5269 B.
961 5211 998 5272 G.
1046 5211 1135 5294 cepit.
1308 5206 1312 5216 “
1520 5201 1523 5206 ’
