<?xml version="1.0" encoding="UTF-8"?>
<!DOCTYPE html PUBLIC "-//W3C//DTD XHTML 1.0 Transitional//EN"
    "http://www.w3.org/TR/xhtml1/DTD/xhtml1-transitional.dtd">
<html xmlns="http://www.w3.org/1999/xhtml" xml:lang="en" lang="en">
 <head>
  <title>
</title>
<meta http-equiv="Content-Type" content="text/html;charset=utf-8" />
  <meta name='ocr-system' content='tesseract 3.04.00' />
  <meta name='ocr-capabilities' content='ocr_page ocr_carea ocr_par ocr_line ocrx_word'/>
</head>
<body>
  <div class='ocr_page' id='page_1' title='image "./memoriaepopulor02strigoog_0013.png"; bbox 0 0 4917 6992; ppageno 0'>
   <div class='ocr_carea' id='block_1_1' title="bbox 776 1255 1674 1360">
    <p class='ocr_par' dir='ltr' id='par_1_1' title="bbox 776 1231 1674 1379">
     <span class='ocr_line' id='line_1_1' title="bbox 776 1255 1674 1360; baseline 0.006 -7"><span class='ocrx_word' id='word_1_1' title='bbox 776 1255 1277 1360; x_wconf 78' lang='lat' dir='ltr'>rrnrrnrro.</span> <span class='ocrx_word' id='word_1_2' title='bbox 1583 1262 1674 1359; x_wconf 88' lang='lat' dir='ltr'>urr</span> 
     </span>
    </p>
   </div>
   <div class='ocr_carea' id='block_1_2' title="bbox 342 1487 1778 3030">
    <p class='ocr_par' dir='ltr' id='par_1_2' title="bbox 342 1487 1778 3030">
     <span class='ocr_line' id='line_1_2' title="bbox 372 1487 1673 1609; baseline -0.002 -23"><span class='ocrx_word' id='word_1_3' title='bbox 372 1519 439 1586; x_wconf 85' lang='lat' dir='ltr'>res</span> <span class='ocrx_word' id='word_1_4' title='bbox 479 1489 674 1584; x_wconf 83' lang='lat' dir='ltr'>historiae</span> <span class='ocrx_word' id='word_1_5' title='bbox 713 1487 968 1600; x_wconf 76' lang='lat' dir='ltr'>byzuntinae</span> <span class='ocrx_word' id='word_1_6' title='bbox 1018 1495 1069 1582; x_wconf 92' lang='lat' dir='ltr'>de</span> <span class='ocrx_word' id='word_1_7' title='bbox 1107 1495 1273 1609; x_wconf 83' lang='lat' dir='ltr'>populis</span> <span class='ocrx_word' id='word_1_8' title='bbox 1317 1490 1401 1582; x_wconf 88' lang='lat' dir='ltr'>illis</span> <span class='ocrx_word' id='word_1_9' title='bbox 1445 1495 1673 1586; x_wconf 79' lang='lat' dir='ltr'>memoriae</span> 
     </span>
     <span class='ocr_line' id='line_1_3' title="bbox 372 1623 1670 1743; baseline -0.005 -28"><span class='ocrx_word' id='word_1_10' title='bbox 372 1627 666 1743; x_wconf 79' lang='lat' dir='ltr'>prodiderint,</span> <span class='ocrx_word' id='word_1_11' title='bbox 699 1643 883 1712; x_wconf 89' lang='lat' dir='ltr'>accurate</span> <span class='ocrx_word' id='word_1_12' title='bbox 914 1623 1154 1734; x_wconf 83' lang='lat' dir='ltr'><strong>cognoscere</strong></span> <span class='ocrx_word' id='word_1_13' title='bbox 1187 1623 1377 1732; x_wconf 83' lang='lat' dir='ltr'>uellent,</span> <span class='ocrx_word' id='word_1_14' title='bbox 1408 1623 1519 1710; x_wconf 87' lang='lat' dir='ltr'>idem</span> <span class='ocrx_word' id='word_1_15' title='bbox 1536 1625 1670 1738; x_wconf 81' lang='lat' dir='ltr'>labor,</span> 
     </span>
     <span class='ocr_line' id='line_1_4' title="bbox 373 1745 1675 1870; baseline -0.003 -26"><span class='ocrx_word' id='word_1_16' title='bbox 373 1773 540 1844; x_wconf 90' lang='lat' dir='ltr'>tantam</span> <span class='ocrx_word' id='word_1_17' title='bbox 572 1755 778 1842; x_wconf 89' lang='lat' dir='ltr'>librorum</span> <span class='ocrx_word' id='word_1_18' title='bbox 813 1745 970 1842; x_wconf 83' lang='lat' dir='ltr'>molem</span> <span class='ocrx_word' id='word_1_19' title='bbox 999 1755 1304 1868; x_wconf 84' lang='lat' dir='ltr'>perscrutandi,</span> <span class='ocrx_word' id='word_1_20' title='bbox 1337 1755 1469 1842; x_wconf 86' lang='lat' dir='ltr'>rursus</span> <span class='ocrx_word' id='word_1_21' title='bbox 1506 1755 1675 1870; x_wconf 90' lang='lat' dir='ltr'>suscipi·</span> 
     </span>
     <span class='ocr_line' id='line_1_5' title="bbox 373 1881 1672 1996; baseline 0 -24"><span class='ocrx_word' id='word_1_22' title='bbox 373 1888 503 1972; x_wconf 81' lang='lat' dir='ltr'>rodus</span> <span class='ocrx_word' id='word_1_23' title='bbox 536 1881 660 1993; x_wconf 76' lang='lat' dir='ltr'>eliet3</span> <span class='ocrx_word' id='word_1_24' title='bbox 691 1887 791 1968; x_wconf 86' lang='lat' dir='ltr'>cu&#39;nr</span> <span class='ocrx_word' id='word_1_25' title='bbox 822 1901 995 1990; x_wconf 81' lang='lat' dir='ltr'>contra,</span> <span class='ocrx_word' id='word_1_26' title='bbox 1028 1881 1059 1968; x_wconf 90' lang='lat' dir='ltr'>li</span> <span class='ocrx_word' id='word_1_27' title='bbox 1092 1886 1184 1996; x_wconf 87' lang='lat' dir='ltr'>quis</span> <span class='ocrx_word' id='word_1_28' title='bbox 1214 1887 1418 1996; x_wconf 75' lang='lat' dir='ltr'>excerptis</span> <span class='ocrx_word' id='word_1_29' title='bbox 1450 1889 1588 1995; x_wconf 85' lang='lat' dir='ltr'>meis,</span> <span class='ocrx_word' id='word_1_30' title='bbox 1618 1899 1672 1972; x_wconf 82' lang='lat' dir='ltr'>rt</span> 
     </span>
     <span class='ocr_line' id='line_1_6' title="bbox 374 2011 1674 2127; baseline -0.005 -22"><span class='ocrx_word' id='word_1_31' title='bbox 374 2039 485 2106; x_wconf 85' lang='lat' dir='ltr'>nunc</span> <span class='ocrx_word' id='word_1_32' title='bbox 518 2017 649 2124; x_wconf 90' lang='lat' dir='ltr'>suot,</span> <span class='ocrx_word' id='word_1_33' title='bbox 685 2031 855 2122; x_wconf 83' lang='lat' dir='ltr'>utatur,</span> <span class='ocrx_word' id='word_1_34' title='bbox 893 2011 1124 2099; x_wconf 75' lang='lat' dir='ltr'>rudioribus</span> <span class='ocrx_word' id='word_1_35' title='bbox 1156 2012 1283 2124; x_wconf 82' lang='lat' dir='ltr'>iplis,</span> <span class='ocrx_word' id='word_1_36' title='bbox 1316 2020 1424 2126; x_wconf 92' lang='lat' dir='ltr'>quod</span> <span class='ocrx_word' id='word_1_37' title='bbox 1449 2015 1498 2099; x_wconf 91' lang='lat' dir='ltr'>ad</span> <span class='ocrx_word' id='word_1_38' title='bbox 1514 2012 1674 2127; x_wconf 85' lang='lat' dir='ltr'>duplex</span> 
     </span>
     <span class='ocr_line' id='line_1_7' title="bbox 374 2139 1672 2254; baseline -0.003 -24"><span class='ocrx_word' id='word_1_39' title='bbox 374 2145 480 2234; x_wconf 87' lang='lat' dir='ltr'>illud</span> <span class='ocrx_word' id='word_1_40' title='bbox 511 2144 662 2234; x_wconf 78' lang='lat' dir='ltr'>attinet</span> <span class='ocrx_word' id='word_1_41' title='bbox 693 2141 946 2252; x_wconf 86' lang='lat' dir='ltr'>confilium,</span> <span class='ocrx_word' id='word_1_42' title='bbox 986 2139 1105 2252; x_wconf 86' lang='lat' dir='ltr'>plane</span> <span class='ocrx_word' id='word_1_43' title='bbox 1142 2166 1276 2228; x_wconf 88' lang='lat' dir='ltr'>carere</span> <span class='ocrx_word' id='word_1_44' title='bbox 1320 2144 1428 2254; x_wconf 78' lang='lat' dir='ltr'>polle</span> <span class='ocrx_word' id='word_1_45' title='bbox 1470 2143 1672 2230; x_wconf 86' lang='lat' dir='ltr'>uideatur.</span> 
     </span>
     <span class='ocr_line' id='line_1_8' title="bbox 375 2269 1778 2386; baseline -0.008 -26"><span class='ocrx_word' id='word_1_46' title='bbox 375 2270 467 2384; x_wconf 87' lang='lat' dir='ltr'>Et,</span> <span class='ocrx_word' id='word_1_47' title='bbox 499 2292 550 2360; x_wconf 81' lang='lat' dir='ltr'>ut</span> <span class='ocrx_word' id='word_1_48' title='bbox 582 2269 714 2358; x_wconf 87' lang='lat' dir='ltr'>multa</span> <span class='ocrx_word' id='word_1_49' title='bbox 745 2275 885 2386; x_wconf 81' lang='lat' dir='ltr'>paucis</span> <span class='ocrx_word' id='word_1_50' title='bbox 917 2269 1202 2382; x_wconf 64' lang='lat' dir='ltr'>complectar,</span> <span class='ocrx_word' id='word_1_51' title='bbox 1236 2270 1382 2378; x_wconf 74' lang='lat' dir='ltr'>idern,</span> <span class='ocrx_word' id='word_1_52' title='bbox 1422 2273 1609 2385; x_wconf 87' lang='lat' dir='ltr'>opinor,</span> <span class='ocrx_word' id='word_1_53' title='bbox 1649 2293 1677 2358; x_wconf 81' lang='lat' dir='ltr'>a</span> <span class='ocrx_word' id='word_1_54' title='bbox 1773 2341 1778 2349; x_wconf 88' lang='lat'><em>.</em></span> 
     </span>
     <span class='ocr_line' id='line_1_9' title="bbox 342 2398 1680 2514; baseline 0 -26"><span class='ocrx_word' id='word_1_55' title='bbox 342 2417 481 2508; x_wconf 61' lang='lat' dir='ltr'>“me‚</span> <span class='ocrx_word' id='word_1_56' title='bbox 512 2401 620 2514; x_wconf 84' lang='lat' dir='ltr'>quod</span> <span class='ocrx_word' id='word_1_57' title='bbox 652 2401 701 2486; x_wconf 88' lang='lat' dir='ltr'>ab</span> <span class='ocrx_word' id='word_1_58' title='bbox 731 2398 1456 2510; x_wconf 83' lang='lat' dir='ltr'>omuibusAnnalium&#39;editoribus,</span> <span class='ocrx_word' id='word_1_59' title='bbox 1490 2401 1582 2488; x_wconf 87' lang='lat' dir='ltr'>iure</span> <span class='ocrx_word' id='word_1_60' title='bbox 1603 2425 1680 2512; x_wconf 89' lang='lat' dir='ltr'>po·</span> 
     </span>
     <span class='ocr_line' id='line_1_10' title="bbox 379 2523 1679 2644; baseline 0 -26"><span class='ocrx_word' id='word_1_61' title='bbox 379 2528 517 2618; x_wconf 83' lang='lat' dir='ltr'>stulari</span> <span class='ocrx_word' id='word_1_62' title='bbox 535 2523 659 2644; x_wconf 34' lang='lat' dir='ltr'>,polle</span> <span class='ocrx_word' id='word_1_63' title='bbox 692 2529 866 2616; x_wconf 84' lang='lat' dir='ltr'>arbitror</span> <span class='ocrx_word' id='word_1_64' title='bbox 898 2528 1025 2641; x_wconf 90' lang='lat' dir='ltr'>(quid</span> <span class='ocrx_word' id='word_1_65' title='bbox 1058 2531 1171 2614; x_wconf 87' lang='lat' dir='ltr'>eninr</span> <span class='ocrx_word' id='word_1_66' title='bbox 1205 2525 1304 2614; x_wconf 86' lang='lat' dir='ltr'>haec</span> <span class='ocrx_word' id='word_1_67' title='bbox 1337 2549 1530 2640; x_wconf 86' lang='lat' dir='ltr'>excerpta</span> <span class='ocrx_word' id='word_1_68' title='bbox 1560 2527 1679 2618; x_wconf 88' lang='lat' dir='ltr'>aliud</span> 
     </span>
     <span class='ocr_line' id='line_1_11' title="bbox 375 2647 1670 2774; baseline -0.004 -28"><span class='ocrx_word' id='word_1_69' title='bbox 375 2658 497 2768; x_wconf 87' lang='lat' dir='ltr'>sunt,</span> <span class='ocrx_word' id='word_1_70' title='bbox 535 2681 665 2774; x_wconf 86' lang='lat' dir='ltr'>quant</span> <span class='ocrx_word' id='word_1_71' title='bbox 705 2647 883 2746; x_wconf 83' lang='lat' dir='ltr'>Annales</span> <span class='ocrx_word' id='word_1_72' title='bbox 924 2683 967 2744; x_wconf 83' lang='lat' dir='ltr'>u.</span> <span class='ocrx_word' id='word_1_73' title='bbox 1012 2680 1047 2744; x_wconf 88' lang='lat' dir='ltr'>c.</span> <span class='ocrx_word' id='word_1_74' title='bbox 1090 2657 1380 2768; x_wconf 83' lang='lat' dir='ltr'>Hunnorum,</span> <span class='ocrx_word' id='word_1_75' title='bbox 1402 2655 1670 2748; x_wconf 82' lang='lat' dir='ltr'>Auarorum</span> 
     </span>
     <span class='ocr_line' id='line_1_12' title="bbox 376 2782 1672 2902; baseline -0.002 -30"><span class='ocrx_word' id='word_1_76' title='bbox 376 2811 427 2878; x_wconf 87' lang='lat' dir='ltr'>ert</span> <span class='ocrx_word' id='word_1_77' title='bbox 458 2789 721 2901; x_wconf 86' lang='lat' dir='ltr'>scriptoribus</span> <span class='ocrx_word' id='word_1_78' title='bbox 738 2787 983 2896; x_wconf 85' lang='lat' dir='ltr'>Byzantinis</span> <span class='ocrx_word' id='word_1_79' title='bbox 996 2787 1107 2873; x_wconf 90' lang='lat' dir='ltr'>etuti</span> <span class='ocrx_word' id='word_1_80' title='bbox 1128 2782 1200 2898; x_wconf 71' lang='grc' dir='ltr'>ἓ),</span> <span class='ocrx_word' id='word_1_81' title='bbox 1235 2787 1536 2895; x_wconf 83' lang='lat' dir='ltr'>rtnimirum,</span> <span class='ocrx_word' id='word_1_82' title='bbox 1566 2809 1672 2902; x_wconf 82' lang='lat' dir='ltr'>quae</span> 
     </span>
     <span class='ocr_line' id='line_1_13' title="bbox 375 2915 1672 3030; baseline -0.004 -27"><span class='ocrx_word' id='word_1_83' title='bbox 375 2918 482 3030; x_wconf 90' lang='lat' dir='ltr'>apud</span> <span class='ocrx_word' id='word_1_84' title='bbox 522 2935 680 3004; x_wconf 82' lang='lat' dir='ltr'>ueteres</span> <span class='ocrx_word' id='word_1_85' title='bbox 720 2917 903 3004; x_wconf 75' lang='lat' dir='ltr'>audentes</span> <span class='ocrx_word' id='word_1_86' title='bbox 945 2937 1205 3025; x_wconf 88' lang='lat' dir='ltr'>occurrunt,</span> <span class='ocrx_word' id='word_1_87' title='bbox 1248 2915 1327 3002; x_wconf 88' lang='lat' dir='ltr'>lide</span> <span class='ocrx_word' id='word_1_88' title='bbox 1368 2942 1415 3002; x_wconf 84' lang='lat' dir='ltr'>ac</span> <span class='ocrx_word' id='word_1_89' title='bbox 1454 2916 1672 3026; x_wconf 83' lang='lat' dir='ltr'>diligentia</span> 
     </span>
    </p>
   </div>
   <div class='ocr_carea' id='block_1_3' title="bbox 377 3041 1836 3164">
    <p class='ocr_par' dir='ltr' id='par_1_3' title="bbox 377 3041 1836 3164">
     <span class='ocr_line' id='line_1_14' title="bbox 377 3041 1836 3164; baseline 0 -32"><span class='ocrx_word' id='word_1_90' title='bbox 377 3049 562 3132; x_wconf 86' lang='lat' dir='ltr'>maxima</span> <span class='ocrx_word' id='word_1_91' title='bbox 596 3045 799 3156; x_wconf 85' lang='lat' dir='ltr'>colligat,</span> <span class='ocrx_word' id='word_1_92' title='bbox 834 3043 942 3133; x_wconf 91' lang='lat' dir='ltr'>nihil</span> <span class='ocrx_word' id='word_1_93' title='bbox 976 3063 1138 3156; x_wconf 87' lang='lat' dir='ltr'>mutet,</span> <span class='ocrx_word' id='word_1_94' title='bbox 1174 3041 1362 3159; x_wconf 84' lang='lat' dir='ltr'>nihilque</span> <span class='ocrx_word' id='word_1_95' title='bbox 1392 3047 1444 3132; x_wconf 92' lang='lat' dir='ltr'>de</span> <span class='ocrx_word' id='word_1_96' title='bbox 1486 3046 1558 3134; x_wconf 91' lang='lat' dir='ltr'>suo</span> <span class='ocrx_word' id='word_1_97' title='bbox 1597 3045 1677 3132; x_wconf 83' lang='lat' dir='ltr'>ad·</span> <span class='ocrx_word' id='word_1_98' title='bbox 1828 3155 1836 3164; x_wconf 13' lang='grc' dir='ltr'>ἱ</span> 
     </span>
    </p>
   </div>
   <div class='ocr_carea' id='block_1_4' title="bbox 377 3171 1676 4190">
    <p class='ocr_par' dir='ltr' id='par_1_4' title="bbox 377 3171 1676 4190">
     <span class='ocr_line' id='line_1_15' title="bbox 377 3171 1676 3286; baseline -0.001 -23"><span class='ocrx_word' id='word_1_99' title='bbox 377 3176 477 3282; x_wconf 87' lang='lat' dir='ltr'>dat;</span> <span class='ocrx_word' id='word_1_100' title='bbox 511 3193 723 3264; x_wconf 85' lang='lat' dir='ltr'>caeterum</span> <span class='ocrx_word' id='word_1_101' title='bbox 754 3201 854 3264; x_wconf 86' lang='lat' dir='ltr'>uero</span> <span class='ocrx_word' id='word_1_102' title='bbox 882 3171 1027 3260; x_wconf 71' lang='lat' dir='ltr'>ledori</span> <span class='ocrx_word' id='word_1_103' title='bbox 1070 3178 1121 3261; x_wconf 87' lang='lat' dir='ltr'>de</span> <span class='ocrx_word' id='word_1_104' title='bbox 1162 3174 1297 3262; x_wconf 85' lang='lat' dir='ltr'>relatis</span> <span class='ocrx_word' id='word_1_105' title='bbox 1338 3175 1535 3262; x_wconf 78' lang='lat' dir='ltr'>statuendi</span> <span class='ocrx_word' id='word_1_106' title='bbox 1582 3199 1676 3286; x_wconf 86' lang='lat' dir='ltr'>pet·</span> 
     </span>
     <span class='ocr_line' id='line_1_16' title="bbox 378 3301 1675 3420; baseline 0.003 -32"><span class='ocrx_word' id='word_1_107' title='bbox 378 3306 522 3392; x_wconf 88' lang='lat' dir='ltr'>mittat</span> <span class='ocrx_word' id='word_1_108' title='bbox 562 3307 797 3394; x_wconf 88' lang='lat' dir='ltr'>arbitrium.</span> <span class='ocrx_word' id='word_1_109' title='bbox 861 3303 967 3420; x_wconf 85' lang='lat' dir='ltr'>Quia</span> <span class='ocrx_word' id='word_1_110' title='bbox 1011 3305 1162 3413; x_wconf 84' lang='lat' dir='ltr'>enim,</span> <span class='ocrx_word' id='word_1_111' title='bbox 1209 3305 1332 3392; x_wconf 87' lang='lat' dir='ltr'>nostri</span> <span class='ocrx_word' id='word_1_112' title='bbox 1374 3323 1486 3391; x_wconf 89' lang='lat' dir='ltr'>certe</span> <span class='ocrx_word' id='word_1_113' title='bbox 1528 3301 1675 3392; x_wconf 88' lang='lat' dir='ltr'>saeculi</span> 
     </span>
     <span class='ocr_line' id='line_1_17' title="bbox 377 3433 1675 3548; baseline 0.001 -29"><span class='ocrx_word' id='word_1_114' title='bbox 377 3435 561 3542; x_wconf 86' lang='lat' dir='ltr'>iudicio,</span> <span class='ocrx_word' id='word_1_115' title='bbox 594 3433 804 3522; x_wconf 86' lang='lat' dir='ltr'>annalium</span> <span class='ocrx_word' id='word_1_116' title='bbox 838 3435 1039 3520; x_wconf 85' lang='lat' dir='ltr'>editorem</span> <span class='ocrx_word' id='word_1_117' title='bbox 1071 3435 1225 3546; x_wconf 83' lang='lat' dir='ltr'>ferrer,</span> <span class='ocrx_word' id='word_1_118' title='bbox 1257 3457 1400 3522; x_wconf 91' lang='lat' dir='ltr'>etnon</span> <span class='ocrx_word' id='word_1_119' title='bbox 1433 3435 1572 3548; x_wconf 85' lang='lat' dir='ltr'>potius</span> <span class='ocrx_word' id='word_1_120' title='bbox 1600 3434 1675 3520; x_wconf 83' lang='lat' dir='ltr'>di·</span> 
     </span>
     <span class='ocr_line' id='line_1_18' title="bbox 379 3551 1675 3676; baseline 0.002 -28"><span class='ocrx_word' id='word_1_121' title='bbox 379 3566 438 3648; x_wconf 87' lang='lat' dir='ltr'>ris</span> <span class='ocrx_word' id='word_1_122' title='bbox 472 3561 664 3674; x_wconf 76' lang='lat' dir='ltr'>omnibus</span> <span class='ocrx_word' id='word_1_123' title='bbox 696 3551 948 3674; x_wconf 79' lang='lat' dir='ltr'>deuoueret,</span> <span class='ocrx_word' id='word_1_124' title='bbox 990 3563 1061 3672; x_wconf 90' lang='lat' dir='ltr'>qui</span> <span class='ocrx_word' id='word_1_125' title='bbox 1097 3567 1271 3674; x_wconf 84' lang='lat' dir='ltr'>omnia,</span> <span class='ocrx_word' id='word_1_126' title='bbox 1296 3562 1416 3672; x_wconf 67' lang='lat' dir='ltr'>&#39;quae</span> <span class='ocrx_word' id='word_1_127' title='bbox 1454 3565 1538 3676; x_wconf 89' lang='lat' dir='ltr'>ipse</span> <span class='ocrx_word' id='word_1_128' title='bbox 1576 3565 1675 3675; x_wconf 90' lang='lat' dir='ltr'>qui·</span> 
     </span>
     <span class='ocr_line' id='line_1_19' title="bbox 381 3689 1672 3806; baseline 0 -28"><span class='ocrx_word' id='word_1_129' title='bbox 381 3694 478 3778; x_wconf 88' lang='lat' dir='ltr'>dem</span> <span class='ocrx_word' id='word_1_130' title='bbox 506 3695 643 3799; x_wconf 71' lang='lat' dir='ltr'>uana,</span> <span class='ocrx_word' id='word_1_131' title='bbox 675 3691 976 3806; x_wconf 83' lang='lat' dir='ltr'>superstitiosa,</span> <span class='ocrx_word' id='word_1_132' title='bbox 1008 3689 1097 3776; x_wconf 82' lang='lat' dir='ltr'>falsa</span> <span class='ocrx_word' id='word_1_133' title='bbox 1130 3713 1286 3804; x_wconf 86' lang='lat' dir='ltr'>putat,</span> <span class='ocrx_word' id='word_1_134' title='bbox 1318 3694 1514 3779; x_wconf 85' lang='lat' dir='ltr'>omittere</span> <span class='ocrx_word' id='word_1_135' title='bbox 1531 3691 1672 3778; x_wconf 81' lang='lat' dir='ltr'>uellet.</span> 
     </span>
     <span class='ocr_line' id='line_1_20' title="bbox 384 3817 1676 3930; baseline 0.004 -28"><span class='ocrx_word' id='word_1_136' title='bbox 384 3817 510 3903; x_wconf 88' lang='lat' dir='ltr'>aliter</span> <span class='ocrx_word' id='word_1_137' title='bbox 538 3822 719 3930; x_wconf 78' lang='lat' dir='ltr'>proledlu</span> <span class='ocrx_word' id='word_1_138' title='bbox 749 3823 943 3930; x_wconf 85' lang='lat' dir='ltr'>longe&#39;se</span> <span class='ocrx_word' id='word_1_139' title='bbox 978 3843 1041 3903; x_wconf 85' lang='lat' dir='ltr'>res</span> <span class='ocrx_word' id='word_1_140' title='bbox 1074 3819 1222 3928; x_wconf 86' lang='lat' dir='ltr'>habet,</span> <span class='ocrx_word' id='word_1_141' title='bbox 1257 3820 1413 3928; x_wconf 67' lang='lat' dir='ltr'>st-quis</span> <span class='ocrx_word' id='word_1_142' title='bbox 1444 3844 1497 3906; x_wconf 86' lang='lat' dir='ltr'>ex</span> <span class='ocrx_word' id='word_1_143' title='bbox 1531 3822 1676 3907; x_wconf 85' lang='lat' dir='ltr'>Anna·</span> 
     </span>
     <span class='ocr_line' id='line_1_21' title="bbox 382 3943 1676 4064; baseline 0.006 -34"><span class='ocrx_word' id='word_1_144' title='bbox 382 3943 487 4034; x_wconf 87' lang='lat' dir='ltr'>libus</span> <span class='ocrx_word' id='word_1_145' title='bbox 521 3947 742 4034; x_wconf 84' lang='lat' dir='ltr'>Historiam</span> <span class='ocrx_word' id='word_1_146' title='bbox 776 3951 944 4064; x_wconf 76' lang='lat' dir='ltr'>scribere</span> <span class='ocrx_word' id='word_1_147' title='bbox 979 3947 1178 4061; x_wconf 81' lang='lat' dir='ltr'>suscipiat.</span> <span class='ocrx_word' id='word_1_148' title='bbox 1210 3951 1253 4036; x_wconf 92' lang='lat' dir='ltr'>id</span> <span class='ocrx_word' id='word_1_149' title='bbox 1284 3955 1395 4063; x_wconf 91' lang='lat' dir='ltr'>quod</span> <span class='ocrx_word' id='word_1_150' title='bbox 1429 3970 1676 4037; x_wconf 88' lang='lat' dir='ltr'>umeucer·</span> 
     </span>
     <span class='ocr_line' id='line_1_22' title="bbox 381 4073 1633 4190; baseline 0.002 -30"><span class='ocrx_word' id='word_1_151' title='bbox 381 4092 420 4161; x_wconf 89' lang='lat' dir='ltr'>te</span> <span class='ocrx_word' id='word_1_152' title='bbox 450 4075 624 4168; x_wconf 78' lang='lat' dir='ltr'>confilio</span> <span class='ocrx_word' id='word_1_153' title='bbox 656 4073 884 4186; x_wconf 84' lang='lat' dir='ltr'>longifflme</span> <span class='ocrx_word' id='word_1_154' title='bbox 914 4075 1072 4184; x_wconf 83' lang='lat' dir='ltr'>abelie,</span> <span class='ocrx_word' id='word_1_155' title='bbox 1105 4102 1166 4162; x_wconf 88' lang='lat' dir='ltr'>res</span> <span class='ocrx_word' id='word_1_156' title='bbox 1197 4082 1282 4190; x_wconf 90' lang='lat' dir='ltr'>ipsa</span> <span class='ocrx_word' id='word_1_157' title='bbox 1314 4077 1519 4190; x_wconf 86' lang='lat' dir='ltr'>loquitur.</span> <span class='ocrx_word' id='word_1_158' title='bbox 1625 4127 1633 4138; x_wconf 85' lang='lat'><em>-</em></span> 
     </span>
    </p>
   </div>
   <div class='ocr_carea' id='block_1_5' title="bbox 376 4227 1775 5374">
    <p class='ocr_par' dir='ltr' id='par_1_5' title="bbox 376 4227 1775 5256">
     <span class='ocr_line' id='line_1_23' title="bbox 533 4227 1670 4344; baseline -0.005 -24"><span class='ocrx_word' id='word_1_159' title='bbox 533 4249 600 4320; x_wconf 77' lang='lat' dir='ltr'>AB</span> <span class='ocrx_word' id='word_1_160' title='bbox 636 4227 712 4316; x_wconf 88' lang='lat' dir='ltr'>hac</span> <span class='ocrx_word' id='word_1_161' title='bbox 746 4251 885 4316; x_wconf 88' lang='lat' dir='ltr'>tamen</span> <span class='ocrx_word' id='word_1_162' title='bbox 919 4231 1166 4338; x_wconf 83' lang='lat' dir='ltr'>excerpendi</span> <span class='ocrx_word' id='word_1_163' title='bbox 1200 4230 1374 4339; x_wconf 79' lang='lat' dir='ltr'>regula,</span> <span class='ocrx_word' id='word_1_164' title='bbox 1410 4253 1489 4344; x_wconf 88' lang='lat' dir='ltr'>qua</span> <span class='ocrx_word' id='word_1_165' title='bbox 1528 4227 1670 4316; x_wconf 88' lang='lat' dir='ltr'>omnia</span> 
     </span>
     <span class='ocr_line' id='line_1_24' title="bbox 376 4355 1674 4468; baseline 0 -24"><span class='ocrx_word' id='word_1_166' title='bbox 376 4355 468 4468; x_wconf 84' lang='lat' dir='ltr'>iplls</span> <span class='ocrx_word' id='word_1_167' title='bbox 505 4361 719 4446; x_wconf 75' lang='lat' dir='ltr'>auctorum</span> <span class='ocrx_word' id='word_1_168' title='bbox 755 4363 888 4446; x_wconf 85' lang='lat' dir='ltr'>uerbis</span> <span class='ocrx_word' id='word_1_169' title='bbox 918 4359 1142 4468; x_wconf 85' lang='lat' dir='ltr'>descripsr‚</span> <span class='ocrx_word' id='word_1_170' title='bbox 1176 4361 1218 4443; x_wconf 91' lang='lat' dir='ltr'>in</span> <span class='ocrx_word' id='word_1_171' title='bbox 1253 4360 1430 4462; x_wconf 81' lang='lat' dir='ltr'>Gothicis</span> <span class='ocrx_word' id='word_1_172' title='bbox 1455 4357 1674 4446; x_wconf 84' lang='lat' dir='ltr'>etVanda·</span> 
     </span>
     <span class='ocr_line' id='line_1_25' title="bbox 378 4482 1706 4608; baseline -0.002 -35"><span class='ocrx_word' id='word_1_173' title='bbox 378 4487 496 4596; x_wconf 79' lang='lat' dir='ltr'>licia,</span> <span class='ocrx_word' id='word_1_174' title='bbox 526 4489 594 4574; x_wconf 83' lang='lat' dir='ltr'>ubi</span> <span class='ocrx_word' id='word_1_175' title='bbox 620 4482 731 4608; x_wconf 59' lang='lat' dir='ltr'>vbella</span> <span class='ocrx_word' id='word_1_176' title='bbox 768 4492 993 4600; x_wconf 88' lang='lat' dir='ltr'>imperante</span> <span class='ocrx_word' id='word_1_177' title='bbox 1029 4489 1254 4573; x_wconf 86' lang='lat' dir='ltr'>lullinlano</span> <span class='ocrx_word' id='word_1_178' title='bbox 1286 4489 1321 4576; x_wconf 89' lang='grc' dir='ltr'>Ι.</span> <span class='ocrx_word' id='word_1_179' title='bbox 1364 4489 1406 4572; x_wconf 91' lang='lat' dir='ltr'>iu</span> <span class='ocrx_word' id='word_1_180' title='bbox 1449 4490 1589 4574; x_wconf 80' lang='lat' dir='ltr'>Africa</span> <span class='ocrx_word' id='word_1_181' title='bbox 1631 4501 1706 4585; x_wconf 63' lang='lat' dir='ltr'>et,</span> 
     </span>
     <span class='ocr_line' id='line_1_26' title="bbox 380 4611 1671 4728; baseline -0.002 -30"><span class='ocrx_word' id='word_1_182' title='bbox 380 4611 503 4704; x_wconf 86' lang='lat' dir='ltr'>ltalia</span> <span class='ocrx_word' id='word_1_183' title='bbox 536 4614 643 4726; x_wconf 77' lang='lat' dir='ltr'>gella</span> <span class='ocrx_word' id='word_1_184' title='bbox 676 4615 865 4704; x_wconf 77' lang='lat' dir='ltr'>iufill&#39;tme</span> <span class='ocrx_word' id='word_1_185' title='bbox 884 4621 1005 4712; x_wconf 83' lang='lat' dir='ltr'>refert</span> <span class='ocrx_word' id='word_1_186' title='bbox 1025 4617 1279 4728; x_wconf 83' lang='lat' dir='ltr'>Procopius,</span> <span class='ocrx_word' id='word_1_187' title='bbox 1311 4618 1507 4705; x_wconf 89' lang='lat' dir='ltr'>discedere</span> <span class='ocrx_word' id='word_1_188' title='bbox 1531 4617 1671 4701; x_wconf 85' lang='lat' dir='ltr'>uisum</span> 
     </span>
     <span class='ocr_line' id='line_1_27' title="bbox 378 4745 1669 4857; baseline 0 -29"><span class='ocrx_word' id='word_1_189' title='bbox 378 4748 439 4832; x_wconf 79' lang='lat' dir='ltr'>all·</span> <span class='ocrx_word' id='word_1_190' title='bbox 513 4745 779 4832; x_wconf 82' lang='lat' dir='ltr'>Narrationes</span> <span class='ocrx_word' id='word_1_191' title='bbox 809 4751 954 4854; x_wconf 86' lang='lat' dir='ltr'>enim,</span> <span class='ocrx_word' id='word_1_192' title='bbox 984 4747 1032 4831; x_wconf 91' lang='lat' dir='ltr'>de</span> <span class='ocrx_word' id='word_1_193' title='bbox 1064 4745 1434 4855; x_wconf 80' lang='lat' dir='ltr'>oppugnationibus</span> <span class='ocrx_word' id='word_1_194' title='bbox 1475 4747 1669 4857; x_wconf 86' lang='lat' dir='ltr'>inprimis</span> 
     </span>
     <span class='ocr_line' id='line_1_28' title="bbox 378 4874 1671 4989; baseline 0.001 -32"><span class='ocrx_word' id='word_1_195' title='bbox 378 4874 545 4960; x_wconf 83' lang='lat' dir='ltr'>urbium</span> <span class='ocrx_word' id='word_1_196' title='bbox 579 4893 623 4962; x_wconf 92' lang='lat' dir='ltr'>et</span> <span class='ocrx_word' id='word_1_197' title='bbox 658 4875 856 4986; x_wconf 85' lang='lat' dir='ltr'>proeliis,</span> <span class='ocrx_word' id='word_1_198' title='bbox 889 4877 917 4962; x_wconf 82' lang='lat' dir='ltr'>st</span> <span class='ocrx_word' id='word_1_199' title='bbox 952 4877 1155 4983; x_wconf 82' lang='lat' dir='ltr'>longiores</span> <span class='ocrx_word' id='word_1_200' title='bbox 1179 4893 1296 4958; x_wconf 84' lang='lat' dir='ltr'>erunt</span> <span class='ocrx_word' id='word_1_201' title='bbox 1312 4877 1546 4989; x_wconf 75' lang='lat' dir='ltr'>,contraxi</span> <span class='ocrx_word' id='word_1_202' title='bbox 1567 4903 1589 4978; x_wconf 51' lang='lat' dir='ltr'>l.</span> <span class='ocrx_word' id='word_1_203' title='bbox 1614 4875 1671 4958; x_wconf 88' lang='lat' dir='ltr'>ita</span> 
     </span>
     <span class='ocr_line' id='line_1_29' title="bbox 383 4989 1775 5114; baseline -0.001 -24"><span class='ocrx_word' id='word_1_204' title='bbox 383 5022 558 5113; x_wconf 88' lang='lat' dir='ltr'>tamen,</span> <span class='ocrx_word' id='word_1_205' title='bbox 590 5023 639 5092; x_wconf 85' lang='lat' dir='ltr'>ut</span> <span class='ocrx_word' id='word_1_206' title='bbox 669 5006 821 5092; x_wconf 67' lang='lat' dir='ltr'>laetum</span> <span class='ocrx_word' id='word_1_207' title='bbox 858 4989 1025 5093; x_wconf 85' lang='lat' dir='ltr'>nullum</span> <span class='ocrx_word' id='word_1_208' title='bbox 1058 5004 1179 5114; x_wconf 90' lang='lat' dir='ltr'>plane</span> <span class='ocrx_word' id='word_1_209' title='bbox 1210 5006 1482 5114; x_wconf 85' lang='lat' dir='ltr'>omitterem,</span> <span class='ocrx_word' id='word_1_210' title='bbox 1514 5025 1558 5090; x_wconf 93' lang='lat' dir='ltr'>et</span> <span class='ocrx_word' id='word_1_211' title='bbox 1574 5025 1674 5112; x_wconf 90' lang='lat' dir='ltr'>quo·</span> <span class='ocrx_word' id='word_1_212' title='bbox 1768 5091 1775 5099; x_wconf 79' lang='grc'><em>,</em></span> 
     </span>
     <span class='ocr_line' id='line_1_30' title="bbox 384 5131 1676 5256; baseline -0.003 -36"><span class='ocrx_word' id='word_1_213' title='bbox 384 5133 456 5222; x_wconf 87' lang='lat' dir='ltr'>ties</span> <span class='ocrx_word' id='word_1_214' title='bbox 490 5138 535 5225; x_wconf 92' lang='lat' dir='ltr'>id</span> <span class='ocrx_word' id='word_1_215' title='bbox 569 5131 819 5227; x_wconf 85' lang='lat' dir='ltr'>ullomodo</span> <span class='ocrx_word' id='word_1_216' title='bbox 854 5131 946 5228; x_wconf 87' lang='lat' dir='ltr'>fieri</span> <span class='ocrx_word' id='word_1_217' title='bbox 982 5153 1171 5256; x_wconf 85' lang='lat' dir='ltr'>poterat,</span> <span class='ocrx_word' id='word_1_218' title='bbox 1213 5135 1345 5224; x_wconf 83' lang='lat' dir='ltr'>uerbis</span> <span class='ocrx_word' id='word_1_219' title='bbox 1384 5159 1543 5252; x_wconf 89' lang='lat' dir='ltr'>quoque</span> <span class='ocrx_word' id='word_1_220' title='bbox 1576 5135 1676 5217; x_wconf 88' lang='lat' dir='ltr'>Pro·</span> 
     </span>
    </p>

    <p class='ocr_par' dir='ltr' id='par_1_6' title="bbox 1564 5281 1675 5374">
     <span class='ocr_line' id='line_1_31' title="bbox 1564 5281 1675 5374; baseline 0 -30"><span class='ocrx_word' id='word_1_221' title='bbox 1564 5281 1675 5374; x_wconf 81' lang='lat' dir='ltr'>coptu</span> 
     </span>
    </p>
   </div>
   <div class='ocr_carea' id='block_1_6' title="bbox 0 0 2487 6992">
    <p class='ocr_par' dir='ltr' id='par_1_7' title="bbox 0 0 2487 6992">
     <span class='ocr_line' id='line_1_32' title="bbox 0 0 2487 6992; baseline 0 0"><span class='ocrx_word' id='word_1_222' title='bbox 0 0 2487 6992; x_wconf 95' lang='lat' dir='ltr'> </span> 
     </span>
    </p>
   </div>
  </div>
 </body>
</html>
