<?xml version="1.0" encoding="UTF-8"?>
<!DOCTYPE html PUBLIC "-//W3C//DTD XHTML 1.0 Transitional//EN"
    "http://www.w3.org/TR/xhtml1/DTD/xhtml1-transitional.dtd">
<html xmlns="http://www.w3.org/1999/xhtml" xml:lang="en" lang="en">
 <head>
  <title>
</title>
<meta http-equiv="Content-Type" content="text/html;charset=utf-8" />
  <meta name='ocr-system' content='tesseract 3.04.00' />
  <meta name='ocr-capabilities' content='ocr_page ocr_carea ocr_par ocr_line ocrx_word'/>
</head>
<body>
  <div class='ocr_page' id='page_1' title='image "./memoriaepopulor02strigoog_0418.png"; bbox 0 0 4917 6992; ppageno 0'>
   <div class='ocr_carea' id='block_1_1' title="bbox 601 1341 806 1495">
    <p class='ocr_par' dir='ltr' id='par_1_1' title="bbox 601 1341 806 1495">
     <span class='ocr_line' id='line_1_1' title="bbox 601 1341 806 1430; baseline -0.054 -27"><span class='ocrx_word' id='word_1_1' title='bbox 601 1341 806 1430; x_wconf 59' lang='lat' dir='ltr'>ImpJVSTe</span> 
     </span>
     <span class='ocr_line' id='line_1_2' title="bbox 603 1426 772 1495; baseline -0.053 0"><span class='ocrx_word' id='word_1_2' title='bbox 603 1439 722 1495; x_wconf 74' lang='lat' dir='ltr'>urano</span> <span class='ocrx_word' id='word_1_3' title='bbox 739 1426 772 1487; x_wconf 80' lang='grc' dir='ltr'>Ι..</span> 
     </span>
    </p>
   </div>
   <div class='ocr_carea' id='block_1_2' title="bbox 603 1562 806 1691">
    <p class='ocr_par' dir='ltr' id='par_1_2' title="bbox 603 1562 806 1691">
     <span class='ocr_line' id='line_1_3' title="bbox 603 1562 806 1691; baseline -0.044 -19"><span class='ocrx_word' id='word_1_4' title='bbox 603 1562 806 1691; x_wconf 33' lang='lat' dir='ltr'>{QEQ</span> 
     </span>
    </p>
   </div>
   <div class='ocr_carea' id='block_1_3' title="bbox 814 1186 1697 1313">
    <p class='ocr_par' dir='ltr' id='par_1_3' title="bbox 814 1186 1697 1313">
     <span class='ocr_line' id='line_1_4' title="bbox 814 1186 1697 1313; baseline -0.003 -16"><span class='ocrx_word' id='word_1_5' title='bbox 814 1246 874 1313; x_wconf 65' lang='grc' dir='ltr'><em>ψ</em></span> <span class='ocrx_word' id='word_1_6' title='bbox 1192 1186 1697 1295; x_wconf 79' lang='lat' dir='ltr'>errarnicoavu</span> 
     </span>
    </p>
   </div>
   <div class='ocr_carea' id='block_1_4' title="bbox 1245 1422 1557 1511">
    <p class='ocr_par' dir='ltr' id='par_1_4' title="bbox 1245 1422 1557 1511">
     <span class='ocr_line' id='line_1_5' title="bbox 1245 1422 1557 1511; baseline -0.029 1"><span class='ocrx_word' id='word_1_7' title='bbox 1245 1489 1249 1498; x_wconf 87' lang='lat'><em>.</em></span> <span class='ocrx_word' id='word_1_8' title='bbox 1358 1444 1395 1490; x_wconf 60' lang='grc' dir='ltr'><strong>ι</strong></span> <span class='ocrx_word' id='word_1_9' title='bbox 1418 1422 1557 1511; x_wconf 42' lang='lat' dir='ltr'>Cnseo..</span> 
     </span>
    </p>
   </div>
   <div class='ocr_carea' id='block_1_5' title="bbox 809 1529 2116 1936">
    <p class='ocr_par' dir='ltr' id='par_1_5' title="bbox 809 1529 2116 1936">
     <span class='ocr_line' id='line_1_6' title="bbox 814 1529 2102 1635; baseline -0.002 -29"><span class='ocrx_word' id='word_1_10' title='bbox 814 1531 850 1607; x_wconf 91' lang='lat' dir='ltr'>id</span> <span class='ocrx_word' id='word_1_11' title='bbox 875 1534 1080 1635; x_wconf 65' lang='lat' dir='ltr'>perpendatis</span> <span class='ocrx_word' id='word_1_12' title='bbox 1104 1560 1281 1635; x_wconf 71' lang='lat' dir='ltr'>rogamur,</span> <span class='ocrx_word' id='word_1_13' title='bbox 1307 1560 1374 1634; x_wconf 86' lang='lat' dir='ltr'>quo</span> <span class='ocrx_word' id='word_1_14' title='bbox 1401 1534 1463 1607; x_wconf 85' lang='lat' dir='ltr'>finr</span> <span class='ocrx_word' id='word_1_15' title='bbox 1490 1529 1788 1631; x_wconf 81' lang='lat' dir='ltr'>animo-Gepaedea</span> <span class='ocrx_word' id='word_1_16' title='bbox 1814 1535 1848 1601; x_wconf 91' lang='lat' dir='ltr'>in</span> <span class='ocrx_word' id='word_1_17' title='bbox 1872 1535 2019 1609; x_wconf 81' lang='lat' dir='ltr'>amicitia.</span> <span class='ocrx_word' id='word_1_18' title='bbox 2036 1536 2102 1606; x_wconf 71' lang='lat' dir='ltr'>erc</span> 
     </span>
     <span class='ocr_line' id='line_1_7' title="bbox 809 1628 2116 1733; baseline -0.003 -24"><span class='ocrx_word' id='word_1_19' title='bbox 809 1642 906 1709; x_wconf 74' lang='lat' dir='ltr'>‘euim</span> <span class='ocrx_word' id='word_1_20' title='bbox 930 1637 1010 1719; x_wconf 79' lang='lat' dir='ltr'>fiet,</span> <span class='ocrx_word' id='word_1_21' title='bbox 1035 1658 1069 1710; x_wconf 86' lang='lat' dir='ltr'>vt</span> <span class='ocrx_word' id='word_1_22' title='bbox 1093 1642 1249 1708; x_wconf 87' lang='lat' dir='ltr'>Romano</span> <span class='ocrx_word' id='word_1_23' title='bbox 1276 1640 1410 1733; x_wconf 82' lang='lat' dir='ltr'>optime</span> <span class='ocrx_word' id='word_1_24' title='bbox 1427 1632 1594 1707; x_wconf 73' lang='lat' dir='ltr'>consulatis</span> <span class='ocrx_word' id='word_1_25' title='bbox 1618 1638 1781 1733; x_wconf 89' lang='lat' dir='ltr'>imperio:</span> <span class='ocrx_word' id='word_1_26' title='bbox 1806 1628 1965 1731; x_wconf 80' lang='lat' dir='ltr'>liquidem</span> <span class='ocrx_word' id='word_1_27' title='bbox 1992 1637 2116 1707; x_wconf 86' lang='lat' dir='ltr'>homi·-</span> 
     </span>
     <span class='ocr_line' id='line_1_8' title="bbox 816 1732 2102 1835; baseline -0.003 -24"><span class='ocrx_word' id='word_1_28' title='bbox 816 1740 909 1812; x_wconf 82' lang='lat' dir='ltr'>nrbue</span> <span class='ocrx_word' id='word_1_29' title='bbox 934 1735 1061 1835; x_wconf 81' lang='lat' dir='ltr'>semper</span> <span class='ocrx_word' id='word_1_30' title='bbox 1083 1738 1158 1810; x_wconf 86' lang='lat' dir='ltr'>licet</span> <span class='ocrx_word' id='word_1_31' title='bbox 1183 1756 1304 1808; x_wconf 85' lang='lat' dir='ltr'>certam</span> <span class='ocrx_word' id='word_1_32' title='bbox 1329 1733 1427 1809; x_wconf 85' lang='lat' dir='ltr'>futuri</span> <span class='ocrx_word' id='word_1_33' title='bbox 1453 1740 1673 1809; x_wconf 74' lang='lat' dir='ltr'>eoniesbuam</span> <span class='ocrx_word' id='word_1_34' title='bbox 1701 1760 1746 1807; x_wconf 78' lang='lat' dir='ltr'>ex</span> <span class='ocrx_word' id='word_1_35' title='bbox 1774 1740 1946 1832; x_wconf 76' lang='lat' dir='ltr'>praeterito</span> <span class='ocrx_word' id='word_1_36' title='bbox 1980 1732 2102 1807; x_wconf 83' lang='lat' dir='ltr'>facere.</span> 
     </span>
     <span class='ocr_line' id='line_1_9' title="bbox 819 1831 2114 1936; baseline -0.002 -24"><span class='ocrx_word' id='word_1_37' title='bbox 819 1845 871 1912; x_wconf 82' lang='lat' dir='ltr'>Ac</span> <span class='ocrx_word' id='word_1_38' title='bbox 894 1835 927 1917; x_wconf 67' lang='lat' dir='ltr'>fi,</span> <span class='ocrx_word' id='word_1_39' title='bbox 947 1834 1112 1936; x_wconf 83' lang='lat' dir='ltr'>Gepaedes</span> <span class='ocrx_word' id='word_1_40' title='bbox 1139 1836 1310 1935; x_wconf 82' lang='lat' dir='ltr'>perfidiam</span> <span class='ocrx_word' id='word_1_41' title='bbox 1338 1842 1393 1909; x_wconf 88' lang='lat' dir='ltr'>vni</span> <span class='ocrx_word' id='word_1_42' title='bbox 1420 1838 1470 1910; x_wconf 90' lang='lat' dir='ltr'>alii</span> <span class='ocrx_word' id='word_1_43' title='bbox 1497 1842 1638 1935; x_wconf 88' lang='lat' dir='ltr'>cuipiam</span> <span class='ocrx_word' id='word_1_44' title='bbox 1664 1839 1753 1934; x_wconf 87' lang='lat' dir='ltr'>genti</span> <span class='ocrx_word' id='word_1_45' title='bbox 1778 1831 2013 1924; x_wconf 75' lang='lat' dir='ltr'>exhibuissent3</span> <span class='ocrx_word' id='word_1_46' title='bbox 2039 1840 2114 1909; x_wconf 74' lang='lat' dir='ltr'>uo·-</span> 
     </span>
    </p>
   </div>
   <div class='ocr_carea' id='block_1_6' title="bbox 779 1934 2107 2037">
    <p class='ocr_par' dir='ltr' id='par_1_6' title="bbox 779 1934 2107 2037">
     <span class='ocr_line' id='line_1_10' title="bbox 779 1934 2107 2037; baseline -0.002 -26"><span class='ocrx_word' id='word_1_47' title='bbox 779 1940 785 1947; x_wconf 63' lang='grc'><strong><em>”</em></strong></span> <span class='ocrx_word' id='word_1_48' title='bbox 816 1940 887 2020; x_wconf 88' lang='lat' dir='ltr'>bis,</span> <span class='ocrx_word' id='word_1_49' title='bbox 913 1964 1030 2010; x_wconf 89' lang='lat' dir='ltr'>eorum</span> <span class='ocrx_word' id='word_1_50' title='bbox 1054 1944 1224 2037; x_wconf 83' lang='lat' dir='ltr'>ingenium</span> <span class='ocrx_word' id='word_1_51' title='bbox 1251 1964 1289 2007; x_wconf 85' lang='lat' dir='ltr'>ac</span> <span class='ocrx_word' id='word_1_52' title='bbox 1316 1962 1424 2009; x_wconf 86' lang='lat' dir='ltr'>mores</span> <span class='ocrx_word' id='word_1_53' title='bbox 1437 1934 1605 2009; x_wconf 82' lang='lat' dir='ltr'>ostendere</span> <span class='ocrx_word' id='word_1_54' title='bbox 1619 1936 1837 2034; x_wconf 74' lang='lat' dir='ltr'>eripientibru,</span> <span class='ocrx_word' id='word_1_55' title='bbox 1863 1935 1963 2035; x_wconf 88' lang='lat' dir='ltr'>longa</span> <span class='ocrx_word' id='word_1_56' title='bbox 1983 1940 2107 2009; x_wconf 86' lang='lat' dir='ltr'>oratio·</span> 
     </span>
    </p>
   </div>
   <div class='ocr_carea' id='block_1_7' title="bbox 816 2030 2115 2238">
    <p class='ocr_par' dir='ltr' id='par_1_7' title="bbox 816 2030 2115 2238">
     <span class='ocr_line' id='line_1_11' title="bbox 816 2030 2113 2137; baseline -0.001 -25"><span class='ocrx_word' id='word_1_57' title='bbox 816 2065 888 2123; x_wconf 85' lang='lat' dir='ltr'>ne,</span> <span class='ocrx_word' id='word_1_58' title='bbox 912 2040 1017 2112; x_wconf 88' lang='lat' dir='ltr'>multo</span> <span class='ocrx_word' id='word_1_59' title='bbox 1046 2060 1219 2137; x_wconf 87' lang='lat' dir='ltr'>tempore,</span> <span class='ocrx_word' id='word_1_60' title='bbox 1244 2042 1453 2137; x_wconf 75' lang='lat' dir='ltr'>externisque</span> <span class='ocrx_word' id='word_1_61' title='bbox 1471 2037 1659 2110; x_wconf 87' lang='lat' dir='ltr'>testimoniis</span> <span class='ocrx_word' id='word_1_62' title='bbox 1686 2062 1767 2135; x_wconf 89' lang='lat' dir='ltr'>opus</span> <span class='ocrx_word' id='word_1_63' title='bbox 1796 2030 1895 2125; x_wconf 77' lang='lat' dir='ltr'>effet3</span> <span class='ocrx_word' id='word_1_64' title='bbox 1924 2040 1991 2107; x_wconf 88' lang='lat' dir='ltr'>iam</span> <span class='ocrx_word' id='word_1_65' title='bbox 2017 2060 2113 2111; x_wconf 81' lang='lat' dir='ltr'>vero·</span> 
     </span>
     <span class='ocr_line' id='line_1_12' title="bbox 817 2134 2115 2238; baseline -0.005 -25"><span class='ocrx_word' id='word_1_66' title='bbox 817 2167 879 2213; x_wconf 79' lang='lat' dir='ltr'>voe</span> <span class='ocrx_word' id='word_1_67' title='bbox 923 2138 982 2238; x_wconf 82' lang='lat' dir='ltr'>ipsi</span> <span class='ocrx_word' id='word_1_68' title='bbox 1021 2138 1211 2236; x_wconf 89' lang='lat' dir='ltr'>exemplum</span> <span class='ocrx_word' id='word_1_69' title='bbox 1250 2140 1404 2237; x_wconf 74' lang='lat' dir='ltr'>praebetis</span> <span class='ocrx_word' id='word_1_70' title='bbox 1448 2164 1569 2211; x_wconf 85' lang='lat' dir='ltr'>recens.</span> <span class='ocrx_word' id='word_1_71' title='bbox 1632 2144 1725 2216; x_wconf 74' lang='lat' dir='ltr'>Haec</span> <span class='ocrx_word' id='word_1_72' title='bbox 1762 2140 1851 2207; x_wconf 89' lang='lat' dir='ltr'>euim</span> <span class='ocrx_word' id='word_1_73' title='bbox 1890 2134 2115 2209; x_wconf 66' lang='lat' dir='ltr'>considerate:</span> 
     </span>
    </p>
   </div>
   <div class='ocr_carea' id='block_1_8' title="bbox 790 2237 2117 2339">
    <p class='ocr_par' dir='ltr' id='par_1_8' title="bbox 790 2237 2117 2339">
     <span class='ocr_line' id='line_1_13' title="bbox 790 2237 2117 2339; baseline -0.002 -25"><span class='ocrx_word' id='word_1_74' title='bbox 790 2243 794 2256; x_wconf 86' lang='lat'>&#39;</span> <span class='ocrx_word' id='word_1_75' title='bbox 820 2246 908 2314; x_wconf 83' lang='lat' dir='ltr'>Ante</span> <span class='ocrx_word' id='word_1_76' title='bbox 931 2244 999 2311; x_wconf 89' lang='lat' dir='ltr'>boc</span> <span class='ocrx_word' id='word_1_77' title='bbox 1023 2260 1174 2337; x_wconf 87' lang='lat' dir='ltr'>tempus,</span> <span class='ocrx_word' id='word_1_78' title='bbox 1200 2267 1277 2309; x_wconf 91' lang='lat' dir='ltr'>cum</span> <span class='ocrx_word' id='word_1_79' title='bbox 1304 2242 1426 2311; x_wconf 87' lang='lat' dir='ltr'>Gotthi&#39;</span> <span class='ocrx_word' id='word_1_80' title='bbox 1443 2237 1634 2339; x_wconf 71' lang='lat' dir='ltr'>vedii&#39;galem</span> <span class='ocrx_word' id='word_1_81' title='bbox 1665 2238 1820 2308; x_wconf 87' lang='lat' dir='ltr'>baberent</span> <span class='ocrx_word' id='word_1_82' title='bbox 1844 2240 2009 2319; x_wconf 87' lang='lat' dir='ltr'>Daciam,</span> <span class='ocrx_word' id='word_1_83' title='bbox 2036 2242 2117 2311; x_wconf 52' lang='lat' dir='ltr'>Ge*</span> 
     </span>
    </p>
   </div>
   <div class='ocr_carea' id='block_1_9' title="bbox 822 2333 2103 2439">
    <p class='ocr_par' dir='ltr' id='par_1_9' title="bbox 822 2333 2103 2439">
     <span class='ocr_line' id='line_1_14' title="bbox 822 2333 2103 2439; baseline -0.002 -28"><span class='ocrx_word' id='word_1_84' title='bbox 822 2336 940 2439; x_wconf 87' lang='lat' dir='ltr'>paedes</span> <span class='ocrx_word' id='word_1_85' title='bbox 965 2360 1048 2411; x_wconf 78' lang='lat' dir='ltr'>trane</span> <span class='ocrx_word' id='word_1_86' title='bbox 1072 2340 1215 2422; x_wconf 82' lang='lat' dir='ltr'>Istrum,</span> <span class='ocrx_word' id='word_1_87' title='bbox 1239 2341 1291 2411; x_wconf 79' lang='lat' dir='ltr'>rbi</span> <span class='ocrx_word' id='word_1_88' title='bbox 1318 2364 1433 2411; x_wconf 82' lang='lat' dir='ltr'>omnes</span> <span class='ocrx_word' id='word_1_89' title='bbox 1459 2338 1539 2411; x_wconf 88' lang='lat' dir='ltr'>olim</span> <span class='ocrx_word' id='word_1_90' title='bbox 1564 2334 1732 2419; x_wconf 74' lang='lat' dir='ltr'>sederant,</span> <span class='ocrx_word' id='word_1_91' title='bbox 1758 2333 1947 2410; x_wconf 84' lang='lat' dir='ltr'>tenebantse</span> <span class='ocrx_word' id='word_1_92' title='bbox 1961 2363 2103 2421; x_wconf 81' lang='lat' dir='ltr'>ornnes,</span> 
     </span>
    </p>
   </div>
   <div class='ocr_carea' id='block_1_10' title="bbox 707 2435 2116 2642">
    <p class='ocr_par' dir='ltr' id='par_1_10' title="bbox 707 2435 2116 2642">
     <span class='ocr_line' id='line_1_15' title="bbox 780 2435 2116 2540; baseline -0.003 -27"><span class='ocrx_word' id='word_1_93' title='bbox 780 2494 788 2513; x_wconf 92' lang='lat'><strong>.</strong></span> <span class='ocrx_word' id='word_1_94' title='bbox 823 2446 1005 2540; x_wconf 84' lang='lat' dir='ltr'>potentiam</span> <span class='ocrx_word' id='word_1_95' title='bbox 1027 2442 1215 2513; x_wconf 85' lang='lat' dir='ltr'>Gotthicam</span> <span class='ocrx_word' id='word_1_96' title='bbox 1241 2438 1325 2510; x_wconf 90' lang='lat' dir='ltr'>adeo</span> <span class='ocrx_word' id='word_1_97' title='bbox 1351 2435 1621 2520; x_wconf 75' lang='lat' dir='ltr'>reformidantes,</span> <span class='ocrx_word' id='word_1_98' title='bbox 1647 2458 1681 2510; x_wconf 92' lang='lat' dir='ltr'>vt</span> <span class='ocrx_word' id='word_1_99' title='bbox 1705 2438 1874 2510; x_wconf 69' lang='lat' dir='ltr'>traieslurn</span> <span class='ocrx_word' id='word_1_100' title='bbox 1902 2436 1994 2509; x_wconf 90' lang='lat' dir='ltr'>fluuii</span> <span class='ocrx_word' id='word_1_101' title='bbox 2016 2464 2116 2510; x_wconf 84' lang='lat' dir='ltr'>nun--</span> 
     </span>
     <span class='ocr_line' id='line_1_16' title="bbox 707 2535 2105 2642; baseline -0.005 -26"><span class='ocrx_word' id='word_1_102' title='bbox 707 2550 715 2563; x_wconf 71' lang='lat'><strong>⁴</strong></span> <span class='ocrx_word' id='word_1_103' title='bbox 823 2568 925 2642; x_wconf 85' lang='lat' dir='ltr'>quam</span> <span class='ocrx_word' id='word_1_104' title='bbox 948 2546 1106 2613; x_wconf 81' lang='lat' dir='ltr'>tentarint.</span> <span class='ocrx_word' id='word_1_105' title='bbox 1158 2545 1261 2613; x_wconf 93' lang='lat' dir='ltr'>Tunc</span> <span class='ocrx_word' id='word_1_106' title='bbox 1287 2536 1443 2610; x_wconf 83' lang='lat' dir='ltr'>foederati</span> <span class='ocrx_word' id='word_1_107' title='bbox 1469 2558 1501 2613; x_wconf 90' lang='lat' dir='ltr'>et</span> <span class='ocrx_word' id='word_1_108' title='bbox 1526 2535 1704 2611; x_wconf 83' lang='lat' dir='ltr'>amicilsuni</span> <span class='ocrx_word' id='word_1_109' title='bbox 1731 2540 1984 2622; x_wconf 86' lang='lat' dir='ltr'>Rornanorum,</span> <span class='ocrx_word' id='word_1_110' title='bbox 2023 2541 2105 2611; x_wconf 85' lang='lat' dir='ltr'>ami·</span> 
     </span>
    </p>
   </div>
   <div class='ocr_carea' id='block_1_11' title="bbox 825 2633 2116 2737">
    <p class='ocr_par' dir='ltr' id='par_1_11' title="bbox 825 2633 2116 2737">
     <span class='ocr_line' id='line_1_17' title="bbox 825 2633 2116 2737; baseline -0.005 -24"><span class='ocrx_word' id='word_1_111' title='bbox 825 2647 917 2716; x_wconf 87' lang='lat' dir='ltr'>ciriae</span> <span class='ocrx_word' id='word_1_112' title='bbox 941 2647 1086 2715; x_wconf 89' lang='lat' dir='ltr'>nomine·</span> <span class='ocrx_word' id='word_1_113' title='bbox 1104 2665 1186 2713; x_wconf 85' lang='lat' dir='ltr'>cum</span> <span class='ocrx_word' id='word_1_114' title='bbox 1208 2640 1254 2711; x_wconf 89' lang='lat' dir='ltr'>ab·</span> <span class='ocrx_word' id='word_1_115' title='bbox 1272 2640 1520 2737; x_wconf 76' lang='lat' dir='ltr'>imperatoribus</span> <span class='ocrx_word' id='word_1_116' title='bbox 1559 2636 1627 2711; x_wconf 86' lang='lat' dir='ltr'>fato</span> <span class='ocrx_word' id='word_1_117' title='bbox 1653 2633 1771 2711; x_wconf 68' lang='lat' dir='ltr'>fincta</span> <span class='ocrx_word' id='word_1_118' title='bbox 1807 2642 1972 2737; x_wconf 85' lang='lat' dir='ltr'>congiaria</span> <span class='ocrx_word' id='word_1_119' title='bbox 2009 2642 2116 2715; x_wconf 76' lang='lat' dir='ltr'>annia</span> 
     </span>
    </p>
   </div>
   <div class='ocr_carea' id='block_1_12' title="bbox 692 2736 2104 2839">
    <p class='ocr_par' dir='ltr' id='par_1_12' title="bbox 692 2736 2104 2839">
     <span class='ocr_line' id='line_1_18' title="bbox 692 2736 2104 2839; baseline -0.002 -23"><span class='ocrx_word' id='word_1_120' title='bbox 692 2766 707 2781; x_wconf 88' lang='lat'><strong>·</strong></span> <span class='ocrx_word' id='word_1_121' title='bbox 822 2739 873 2815; x_wconf 86' lang='lat' dir='ltr'>fin</span> <span class='ocrx_word' id='word_1_122' title='bbox 932 2746 954 2811; x_wconf 86' lang='lat' dir='ltr'>&#39;s</span> <span class='ocrx_word' id='word_1_123' title='bbox 978 2738 1140 2837; x_wconf 86' lang='lat' dir='ltr'>plurima,</span> <span class='ocrx_word' id='word_1_124' title='bbox 1173 2759 1244 2814; x_wconf 89' lang='lat' dir='ltr'>tum</span> <span class='ocrx_word' id='word_1_125' title='bbox 1279 2759 1353 2813; x_wconf 91' lang='lat' dir='ltr'>ate</span> <span class='ocrx_word' id='word_1_126' title='bbox 1379 2766 1480 2839; x_wconf 87' lang='lat' dir='ltr'>aeque</span> <span class='ocrx_word' id='word_1_127' title='bbox 1514 2736 1674 2813; x_wconf 88' lang='lat' dir='ltr'>munifico</span> <span class='ocrx_word' id='word_1_128' title='bbox 1713 2759 1914 2837; x_wconf 80' lang='lat' dir='ltr'>acceperuut.</span> <span class='ocrx_word' id='word_1_129' title='bbox 1965 2743 2032 2812; x_wconf 85' lang='lat' dir='ltr'>Iam</span> <span class='ocrx_word' id='word_1_130' title='bbox 2058 2762 2104 2813; x_wconf 80' lang='lat' dir='ltr'>ex</span> 
     </span>
    </p>
   </div>
   <div class='ocr_carea' id='block_1_13' title="bbox 822 2838 2118 4651">
    <p class='ocr_par' dir='ltr' id='par_1_13' title="bbox 822 2838 2118 4651">
     <span class='ocr_line' id='line_1_19' title="bbox 823 2838 2102 2943; baseline -0.001 -28"><span class='ocrx_word' id='word_1_131' title='bbox 823 2847 858 2943; x_wconf 70' lang='lat' dir='ltr'>ip</span> <span class='ocrx_word' id='word_1_132' title='bbox 873 2868 898 2913; x_wconf 83' lang='lat' dir='ltr'>u</span> <span class='ocrx_word' id='word_1_133' title='bbox 924 2840 1061 2916; x_wconf 70' lang='lat' dir='ltr'>libenter⁴</span> <span class='ocrx_word' id='word_1_134' title='bbox 1082 2838 1352 2939; x_wconf 79' lang='lat' dir='ltr'>quaesiuerimus,</span> <span class='ocrx_word' id='word_1_135' title='bbox 1377 2838 1455 2939; x_wconf 87' lang='lat' dir='ltr'>quid</span> <span class='ocrx_word' id='word_1_136' title='bbox 1479 2864 1623 2939; x_wconf 78' lang='lat' dir='ltr'>unquam</span> <span class='ocrx_word' id='word_1_137' title='bbox 1647 2838 1726 2911; x_wconf 89' lang='lat' dir='ltr'>boni</span> <span class='ocrx_word' id='word_1_138' title='bbox 1764 2864 1828 2939; x_wconf 81' lang='lat' dir='ltr'>pro</span> <span class='ocrx_word' id='word_1_139' title='bbox 1863 2841 1913 2911; x_wconf 79' lang='lat' dir='ltr'>hia</span> <span class='ocrx_word' id='word_1_140' title='bbox 1937 2838 2102 2913; x_wconf 76' lang='lat' dir='ltr'>beneficiis</span> 
     </span>
     <span class='ocr_line' id='line_1_20' title="bbox 822 2938 2115 3039; baseline -0.001 -25"><span class='ocrx_word' id='word_1_141' title='bbox 822 2947 868 3015; x_wconf 82' lang='lat' dir='ltr'>iu.</span> <span class='ocrx_word' id='word_1_142' title='bbox 886 2947 1057 3015; x_wconf 81' lang='lat' dir='ltr'>Romanos.</span> <span class='ocrx_word' id='word_1_143' title='bbox 1080 2940 1282 3017; x_wconf 72' lang='lat' dir='ltr'>conciderint</span> <span class='ocrx_word' id='word_1_144' title='bbox 1333 2939 1424 3016; x_wconf 83' lang='lat' dir='ltr'>Nihil</span> <span class='ocrx_word' id='word_1_145' title='bbox 1448 2961 1537 3017; x_wconf 77' lang='lat' dir='ltr'>certe.</span> <span class='ocrx_word' id='word_1_146' title='bbox 1557 2968 1620 3015; x_wconf 86' lang='lat' dir='ltr'>nec</span> <span class='ocrx_word' id='word_1_147' title='bbox 1651 2938 1725 3013; x_wconf 89' lang='lat' dir='ltr'>leue</span> <span class='ocrx_word' id='word_1_148' title='bbox 1750 2966 1812 3012; x_wconf 84' lang='lat' dir='ltr'>nec</span> <span class='ocrx_word' id='word_1_149' title='bbox 1835 2964 1990 3039; x_wconf 83' lang='lat' dir='ltr'>magnum</span> <span class='ocrx_word' id='word_1_150' title='bbox 2021 2966 2115 3038; x_wconf 87' lang='lat' dir='ltr'>pro·-</span> 
     </span>
     <span class='ocr_line' id='line_1_21' title="bbox 825 3035 2114 3142; baseline -0.003 -27"><span class='ocrx_word' id='word_1_151' title='bbox 825 3038 919 3117; x_wconf 80' lang='lat' dir='ltr'>serre</span> <span class='ocrx_word' id='word_1_152' title='bbox 935 3036 1075 3140; x_wconf 71' lang='lat' dir='ltr'>possunt.</span> <span class='ocrx_word' id='word_1_153' title='bbox 1125 3038 1291 3142; x_wconf 77' lang='lat' dir='ltr'>Qamdiu</span> <span class='ocrx_word' id='word_1_154' title='bbox 1318 3040 1399 3113; x_wconf 87' lang='lat' dir='ltr'>nibil</span> <span class='ocrx_word' id='word_1_155' title='bbox 1423 3038 1518 3125; x_wconf 76' lang='lat' dir='ltr'>fuit„</span> <span class='ocrx_word' id='word_1_156' title='bbox 1532 3066 1601 3141; x_wconf 88' lang='lat' dir='ltr'>quo</span> <span class='ocrx_word' id='word_1_157' title='bbox 1627 3066 1684 3117; x_wconf 83' lang='lat' dir='ltr'>vos</span> <span class='ocrx_word' id='word_1_158' title='bbox 1708 3038 1895 3124; x_wconf 76' lang='lat' dir='ltr'>laederent,</span> <span class='ocrx_word' id='word_1_159' title='bbox 1918 3038 2040 3113; x_wconf 83' lang='lat' dir='ltr'>tamdiu</span> <span class='ocrx_word' id='word_1_160' title='bbox 2065 3035 2114 3114; x_wconf 87' lang='lat' dir='ltr'>se.</span> 
     </span>
     <span class='ocr_line' id='line_1_22' title="bbox 824 3136 2102 3241; baseline -0.004 -25"><span class='ocrx_word' id='word_1_161' title='bbox 824 3146 1077 3225; x_wconf 67' lang='lat' dir='ltr'>continuerint,</span> <span class='ocrx_word' id='word_1_162' title='bbox 1103 3140 1284 3218; x_wconf 73' lang='lat' dir='ltr'>necessitate</span> <span class='ocrx_word' id='word_1_163' title='bbox 1311 3140 1464 3227; x_wconf 74' lang='lat' dir='ltr'>addueti,</span> <span class='ocrx_word' id='word_1_164' title='bbox 1499 3168 1571 3217; x_wconf 85' lang='lat' dir='ltr'>non</span> <span class='ocrx_word' id='word_1_165' title='bbox 1604 3138 1778 3219; x_wconf 82' lang='lat' dir='ltr'>uoluntate.</span> <span class='ocrx_word' id='word_1_166' title='bbox 1828 3144 1915 3215; x_wconf 87' lang='lat' dir='ltr'>Nam</span> <span class='ocrx_word' id='word_1_167' title='bbox 1943 3136 2102 3241; x_wconf 79' lang='lat' dir='ltr'>quidquid</span> 
     </span>
     <span class='ocr_line' id='line_1_23' title="bbox 827 3240 2116 3345; baseline -0.003 -30"><span class='ocrx_word' id='word_1_168' title='bbox 827 3263 913 3321; x_wconf 80' lang='lat' dir='ltr'>trans</span> <span class='ocrx_word' id='word_1_169' title='bbox 936 3242 1052 3316; x_wconf 80' lang='lat' dir='ltr'>Isl&#39;rnm</span> <span class='ocrx_word' id='word_1_170' title='bbox 1078 3243 1146 3325; x_wconf 78' lang='lat' dir='ltr'>est,</span> <span class='ocrx_word' id='word_1_171' title='bbox 1168 3244 1328 3317; x_wconf 83' lang='lat' dir='ltr'>habebatis</span> <span class='ocrx_word' id='word_1_172' title='bbox 1349 3270 1412 3343; x_wconf 90' lang='lat' dir='ltr'>pro</span> <span class='ocrx_word' id='word_1_173' title='bbox 1445 3240 1623 3345; x_wconf 74' lang='lat' dir='ltr'>derelidlo:</span> <span class='ocrx_word' id='word_1_174' title='bbox 1654 3246 1789 3343; x_wconf 82' lang='lat' dir='ltr'>regione</span> <span class='ocrx_word' id='word_1_175' title='bbox 1822 3262 1939 3316; x_wconf 88' lang='lat' dir='ltr'>autem.</span> <span class='ocrx_word' id='word_1_176' title='bbox 1964 3246 2116 3315; x_wconf 70' lang='lat' dir='ltr'>citeriori*</span> 
     </span>
     <span class='ocr_line' id='line_1_24' title="bbox 823 3345 2102 3445; baseline -0.002 -27"><span class='ocrx_word' id='word_1_177' title='bbox 823 3368 882 3418; x_wconf 83' lang='lat' dir='ltr'>eos</span> <span class='ocrx_word' id='word_1_178' title='bbox 907 3345 1032 3417; x_wconf 88' lang='lat' dir='ltr'>arcebat</span> <span class='ocrx_word' id='word_1_179' title='bbox 1057 3346 1259 3419; x_wconf 88' lang='lat' dir='ltr'>Gotthorum</span> <span class='ocrx_word' id='word_1_180' title='bbox 1285 3362 1398 3417; x_wconf 81' lang='lat' dir='ltr'>metus.</span> <span class='ocrx_word' id='word_1_181' title='bbox 1437 3348 1516 3433; x_wconf 77' lang='lat' dir='ltr'>Quis</span> <span class='ocrx_word' id='word_1_182' title='bbox 1540 3373 1625 3419; x_wconf 85' lang='lat' dir='ltr'>vero</span> <span class='ocrx_word' id='word_1_183' title='bbox 1647 3363 1776 3445; x_wconf 76' lang='lat' dir='ltr'>gramm</span> <span class='ocrx_word' id='word_1_184' title='bbox 1795 3349 1943 3417; x_wconf 86' lang='lat' dir='ltr'>animum</span> <span class='ocrx_word' id='word_1_185' title='bbox 1956 3366 2102 3443; x_wconf 77' lang='lat' dir='ltr'>unquam</span> 
     </span>
     <span class='ocr_line' id='line_1_25' title="bbox 823 3441 2115 3547; baseline -0.002 -30"><span class='ocrx_word' id='word_1_186' title='bbox 823 3469 866 3547; x_wconf 76' lang='lat' dir='ltr'>ap</span> <span class='ocrx_word' id='word_1_187' title='bbox 890 3441 986 3526; x_wconf 90' lang='lat' dir='ltr'>ellet,</span> <span class='ocrx_word' id='word_1_188' title='bbox 1010 3442 1152 3517; x_wconf 87' lang='lat' dir='ltr'>nocendi</span> <span class='ocrx_word' id='word_1_189' title='bbox 1177 3448 1403 3543; x_wconf 81' lang='lat' dir='ltr'>impotentiam</span> <span class='ocrx_word' id='word_1_190' title='bbox 1417 3447 1441 3515; x_wconf 70' lang='grc' dir='ltr'>ἰ·</span> <span class='ocrx_word' id='word_1_191' title='bbox 1456 3465 1489 3519; x_wconf 91' lang='lat' dir='ltr'>et</span> <span class='ocrx_word' id='word_1_192' title='bbox 1513 3469 1600 3545; x_wconf 89' lang='lat' dir='ltr'>quae.</span> <span class='ocrx_word' id='word_1_193' title='bbox 1620 3444 1762 3519; x_wconf 76' lang='lat' dir='ltr'>stabilitas</span> <span class='ocrx_word' id='word_1_194' title='bbox 1788 3450 1944 3518; x_wconf 88' lang='lat' dir='ltr'>amicitiae</span> <span class='ocrx_word' id='word_1_195' title='bbox 1961 3452 2115 3517; x_wconf 76' lang='lat' dir='ltr'>himero-</span> 
     </span>
     <span class='ocr_line' id='line_1_26' title="bbox 823 3470 2117 3647; baseline -0.001 -30"><span class='ocrx_word' id='word_1_196' title='bbox 823 3470 953 3618; x_wconf 74' lang='lat' dir='ltr'>desecto</span> <span class='ocrx_word' id='word_1_197' title='bbox 980 3550 1096 3617; x_wconf 86' lang='lat' dir='ltr'>virium</span> <span class='ocrx_word' id='word_1_198' title='bbox 1122 3540 1163 3617; x_wconf 87' lang='lat' dir='ltr'>ad</span> <span class='ocrx_word' id='word_1_199' title='bbox 1187 3542 1392 3647; x_wconf 84' lang='lat' dir='ltr'>peccandum</span> <span class='ocrx_word' id='word_1_200' title='bbox 1404 3549 1425 3619; x_wconf 71' lang='grc' dir='ltr'>ἓ,</span> <span class='ocrx_word' id='word_1_201' title='bbox 1444 3545 1567 3633; x_wconf 79' lang='lat' dir='ltr'>Aliter,</span> <span class='ocrx_word' id='word_1_202' title='bbox 1594 3551 1793 3646; x_wconf 83' lang='lat' dir='ltr'>imperator,¹</span> <span class='ocrx_word' id='word_1_203' title='bbox 1818 3544 1907 3619; x_wconf 88' lang='lat' dir='ltr'>aliter</span> <span class='ocrx_word' id='word_1_204' title='bbox 1929 3542 1964 3618; x_wconf 83' lang='lat' dir='ltr'>se</span> <span class='ocrx_word' id='word_1_205' title='bbox 1985 3574 2033 3619; x_wconf 89' lang='lat' dir='ltr'>res</span> <span class='ocrx_word' id='word_1_206' title='bbox 2046 3547 2117 3616; x_wconf 36' lang='lat' dir='ltr'>ha,</span> 
     </span>
     <span class='ocr_line' id='line_1_27' title="bbox 826 3642 2117 3747; baseline -0.001 -28"><span class='ocrx_word' id='word_1_207' title='bbox 826 3645 903 3719; x_wconf 87' lang='lat' dir='ltr'>bet:</span> <span class='ocrx_word' id='word_1_208' title='bbox 928 3642 1192 3747; x_wconf 87' lang='lat' dir='ltr'>quandoquidem</span> <span class='ocrx_word' id='word_1_209' title='bbox 1217 3668 1365 3721; x_wconf 83' lang='lat' dir='ltr'>naturam</span> <span class='ocrx_word' id='word_1_210' title='bbox 1388 3650 1553 3733; x_wconf 85' lang='lat' dir='ltr'>hominis,</span> <span class='ocrx_word' id='word_1_211' title='bbox 1586 3668 1618 3719; x_wconf 90' lang='lat' dir='ltr'>et</span> <span class='ocrx_word' id='word_1_212' title='bbox 1648 3668 1795 3723; x_wconf 88' lang='lat' dir='ltr'>mentem</span> <span class='ocrx_word' id='word_1_213' title='bbox 1827 3649 1909 3719; x_wconf 85' lang='lat' dir='ltr'>bene</span> <span class='ocrx_word' id='word_1_214' title='bbox 1941 3647 2004 3721; x_wconf 80' lang='lat' dir='ltr'>vel.</span> <span class='ocrx_word' id='word_1_215' title='bbox 2017 3644 2117 3719; x_wconf 83' lang='lat' dir='ltr'>male·</span> 
     </span>
     <span class='ocr_line' id='line_1_28' title="bbox 828 3739 2117 3846; baseline 0 -29"><span class='ocrx_word' id='word_1_216' title='bbox 828 3739 979 3818; x_wconf 72' lang='lat' dir='ltr'>affetum</span> <span class='ocrx_word' id='word_1_217' title='bbox 1005 3740 1070 3819; x_wconf 85' lang='lat' dir='ltr'>sola</span> <span class='ocrx_word' id='word_1_218' title='bbox 1096 3749 1234 3846; x_wconf 79' lang='lat' dir='ltr'>poteslas</span> <span class='ocrx_word' id='word_1_219' title='bbox 1259 3746 1421 3830; x_wconf 70' lang='lat' dir='ltr'>ostendit,</span> <span class='ocrx_word' id='word_1_220' title='bbox 1448 3742 1528 3821; x_wconf 81' lang='lat' dir='ltr'>dum</span> <span class='ocrx_word' id='word_1_221' title='bbox 1553 3774 1661 3821; x_wconf 88' lang='lat' dir='ltr'>mores</span> <span class='ocrx_word' id='word_1_222' title='bbox 1689 3754 1722 3819; x_wconf 93' lang='lat' dir='ltr'>in</span> <span class='ocrx_word' id='word_1_223' title='bbox 1746 3748 1855 3822; x_wconf 88' lang='lat' dir='ltr'>lucem</span> <span class='ocrx_word' id='word_1_224' title='bbox 1875 3754 2014 3821; x_wconf 86' lang='lat' dir='ltr'>onmino</span> <span class='ocrx_word' id='word_1_225' title='bbox 2027 3772 2117 3844; x_wconf 72' lang='lat' dir='ltr'>pro·—</span> 
     </span>
     <span class='ocr_line' id='line_1_29' title="bbox 827 3842 2106 3949; baseline -0.002 -30"><span class='ocrx_word' id='word_1_226' title='bbox 827 3842 901 3921; x_wconf 73' lang='lat' dir='ltr'>sert.</span> <span class='ocrx_word' id='word_1_227' title='bbox 917 3844 1035 3945; x_wconf 82' lang='lat' dir='ltr'>agendi</span> <span class='ocrx_word' id='word_1_228' title='bbox 1059 3848 1217 3925; x_wconf 81' lang='lat' dir='ltr'>libertate..</span> <span class='ocrx_word' id='word_1_229' title='bbox 1260 3856 1347 3922; x_wconf 85' lang='lat' dir='ltr'>Eece</span> <span class='ocrx_word' id='word_1_230' title='bbox 1372 3854 1485 3935; x_wconf 86' lang='lat' dir='ltr'>euim,</span> <span class='ocrx_word' id='word_1_231' title='bbox 1522 3870 1557 3925; x_wconf 79' lang='lat' dir='ltr'>vt</span> <span class='ocrx_word' id='word_1_232' title='bbox 1591 3855 1737 3949; x_wconf 89' lang='lat' dir='ltr'>primum</span> <span class='ocrx_word' id='word_1_233' title='bbox 1767 3847 1958 3949; x_wconf 81' lang='lat' dir='ltr'>Gepaedes,</span> <span class='ocrx_word' id='word_1_234' title='bbox 1994 3842 2106 3947; x_wconf 75' lang='lat' dir='ltr'>pulsos</span> 
     </span>
     <span class='ocr_line' id='line_1_30' title="bbox 829 3942 2104 4031; baseline 0.001 -12"><span class='ocrx_word' id='word_1_235' title='bbox 829 3973 871 4019; x_wconf 85' lang='lat' dir='ltr'>ex</span> <span class='ocrx_word' id='word_1_236' title='bbox 898 3951 993 4018; x_wconf 90' lang='lat' dir='ltr'>omni</span> <span class='ocrx_word' id='word_1_237' title='bbox 1016 3951 1117 4017; x_wconf 87' lang='lat' dir='ltr'>Dacia</span> <span class='ocrx_word' id='word_1_238' title='bbox 1143 3952 1308 4031; x_wconf 83' lang='lat' dir='ltr'>Gotthos,</span> <span class='ocrx_word' id='word_1_239' title='bbox 1343 3977 1380 4021; x_wconf 88' lang='lat' dir='ltr'>ac</span> <span class='ocrx_word' id='word_1_240' title='bbox 1406 3976 1464 4023; x_wconf 87' lang='lat' dir='ltr'>vos</span> <span class='ocrx_word' id='word_1_241' title='bbox 1492 3946 1576 4022; x_wconf 88' lang='lat' dir='ltr'>bello</span> <span class='ocrx_word' id='word_1_242' title='bbox 1619 3956 1665 4021; x_wconf 94' lang='lat' dir='ltr'>im</span> <span class='ocrx_word' id='word_1_243' title='bbox 1691 3947 1793 4021; x_wconf 82' lang='lat' dir='ltr'>editos</span> <span class='ocrx_word' id='word_1_244' title='bbox 1827 3948 1999 4031; x_wconf 89' lang='lat' dir='ltr'>viderunt,</span> <span class='ocrx_word' id='word_1_245' title='bbox 2035 3942 2104 4020; x_wconf 79' lang='lat' dir='ltr'>anfi</span> 
     </span>
     <span class='ocr_line' id='line_1_31' title="bbox 827 3977 2118 4146; baseline 0.001 -29"><span class='ocrx_word' id='word_1_246' title='bbox 827 4042 901 4121; x_wconf 81' lang='lat' dir='ltr'>sunt</span> <span class='ocrx_word' id='word_1_247' title='bbox 924 4041 1043 4117; x_wconf 77' lang='lat' dir='ltr'>seelesti</span> <span class='ocrx_word' id='word_1_248' title='bbox 1066 4046 1210 4145; x_wconf 80' lang='lat' dir='ltr'>undique</span> <span class='ocrx_word' id='word_1_249' title='bbox 1234 4046 1392 4122; x_wconf 83' lang='lat' dir='ltr'>ditionem</span> <span class='ocrx_word' id='word_1_250' title='bbox 1417 4050 1555 4121; x_wconf 85' lang='lat' dir='ltr'>vestram</span> <span class='ocrx_word' id='word_1_251' title='bbox 1578 3977 1752 4122; x_wconf 71' lang='lat' dir='ltr'>inuadbre:</span> <span class='ocrx_word' id='word_1_252' title='bbox 1784 4054 1872 4121; x_wconf 80' lang='lat' dir='ltr'>cuius</span> <span class='ocrx_word' id='word_1_253' title='bbox 1894 4044 2118 4146; x_wconf 85' lang='lat' dir='ltr'>rei·indigni·-</span> 
     </span>
     <span class='ocr_line' id='line_1_32' title="bbox 826 4144 2106 4249; baseline 0.002 -31"><span class='ocrx_word' id='word_1_254' title='bbox 826 4165 938 4218; x_wconf 87' lang='lat' dir='ltr'>tatem.</span> <span class='ocrx_word' id='word_1_255' title='bbox 970 4149 1038 4241; x_wconf 83' lang='lat' dir='ltr'>quie</span> <span class='ocrx_word' id='word_1_256' title='bbox 1070 4146 1167 4244; x_wconf 70' lang='lat' dir='ltr'>possit</span> <span class='ocrx_word' id='word_1_257' title='bbox 1201 4149 1309 4222; x_wconf 83' lang='lat' dir='ltr'>verbis¹</span> <span class='ocrx_word' id='word_1_258' title='bbox 1335 4144 1487 4249; x_wconf 87' lang='lat' dir='ltr'>consequi</span> <span class='ocrx_word' id='word_1_259' title='bbox 1507 4156 1529 4221; x_wconf 75' lang='grc' dir='ltr'>ἓ·</span> <span class='ocrx_word' id='word_1_260' title='bbox 1553 4155 1677 4225; x_wconf 85' lang='lat' dir='ltr'>Aruron</span> <span class='ocrx_word' id='word_1_261' title='bbox 1710 4154 1898 4223; x_wconf 88' lang='lat' dir='ltr'>Romanum</span> <span class='ocrx_word' id='word_1_262' title='bbox 1927 4154 2106 4245; x_wconf 81' lang='lat' dir='ltr'>imperium</span> 
     </span>
     <span class='ocr_line' id='line_1_33' title="bbox 827 4240 2106 4349; baseline 0.004 -33"><span class='ocrx_word' id='word_1_263' title='bbox 827 4240 1042 4342; x_wconf 73' lang='lat' dir='ltr'>spreueruut?</span> <span class='ocrx_word' id='word_1_264' title='bbox 1074 4272 1186 4319; x_wconf 89' lang='lat' dir='ltr'>annon</span> <span class='ocrx_word' id='word_1_265' title='bbox 1228 4244 1367 4320; x_wconf 80' lang='lat' dir='ltr'>foederis</span> <span class='ocrx_word' id='word_1_266' title='bbox 1394 4278 1432 4321; x_wconf 85' lang='lat' dir='ltr'>ac</span> <span class='ocrx_word' id='word_1_267' title='bbox 1469 4245 1625 4323; x_wconf 80' lang='lat' dir='ltr'>societatis</span> <span class='ocrx_word' id='word_1_268' title='bbox 1656 4250 1743 4349; x_wconf 83' lang='lat' dir='ltr'>leges</span> <span class='ocrx_word' id='word_1_269' title='bbox 1779 4248 2106 4325; x_wconf 63' lang='lat' dir='ltr'>violamureannon</span> 
     </span>
     <span class='ocr_line' id='line_1_34' title="bbox 828 4345 2106 4447; baseline 0.005 -32"><span class='ocrx_word' id='word_1_270' title='bbox 828 4370 910 4443; x_wconf 78' lang='lat' dir='ltr'>quos</span> <span class='ocrx_word' id='word_1_271' title='bbox 936 4349 1074 4415; x_wconf 86' lang='lat' dir='ltr'>minime</span> <span class='ocrx_word' id='word_1_272' title='bbox 1097 4345 1229 4425; x_wconf 81' lang='lat' dir='ltr'>laedio</span> <span class='ocrx_word' id='word_1_273' title='bbox 1256 4350 1402 4433; x_wconf 83' lang='lat' dir='ltr'>ortebat,</span> <span class='ocrx_word' id='word_1_274' title='bbox 1429 4352 1568 4425; x_wconf 82' lang='lat' dir='ltr'>habuere</span> <span class='ocrx_word' id='word_1_275' title='bbox 1593 4348 1756 4424; x_wconf 77' lang='lat' dir='ltr'>ludibrio?</span> <span class='ocrx_word' id='word_1_276' title='bbox 1777 4376 1888 4423; x_wconf 76' lang='lat' dir='ltr'>numae</span> <span class='ocrx_word' id='word_1_277' title='bbox 1912 4349 2106 4447; x_wconf 65' lang='lat' dir='ltr'>rebellarim</span> 
     </span>
     <span class='ocr_line' id='line_1_35' title="bbox 826 4375 2105 4549; baseline 0.001 -30"><span class='ocrx_word' id='word_1_278' title='bbox 826 4451 862 4519; x_wconf 86' lang='lat' dir='ltr'>iu</span> <span class='ocrx_word' id='word_1_279' title='bbox 887 4444 1108 4528; x_wconf 81' lang='lat' dir='ltr'>maiestatem,</span> <span class='ocrx_word' id='word_1_280' title='bbox 1144 4453 1195 4519; x_wconf 90' lang='lat' dir='ltr'>cui</span> <span class='ocrx_word' id='word_1_281' title='bbox 1219 4375 1335 4521; x_wconf 61' lang='lat' dir='ltr'>sebuire</span> <span class='ocrx_word' id='word_1_282' title='bbox 1360 4450 1595 4549; x_wconf 85' lang='lat' dir='ltr'>gloriarentur,</span> <span class='ocrx_word' id='word_1_283' title='bbox 1631 4450 1657 4523; x_wconf 79' lang='lat' dir='ltr'>fi</span> <span class='ocrx_word' id='word_1_284' title='bbox 1688 4449 1846 4527; x_wconf 85' lang='lat' dir='ltr'>tantillum</span> <span class='ocrx_word' id='word_1_285' title='bbox 1874 4446 1999 4525; x_wconf 78' lang='lat' dir='ltr'>vacaret</span> <span class='ocrx_word' id='word_1_286' title='bbox 2024 4472 2105 4521; x_wconf 89' lang='lat' dir='ltr'>con-</span> 
     </span>
     <span class='ocr_line' id='line_1_36' title="bbox 828 4540 2105 4651; baseline 0.002 -33"><span class='ocrx_word' id='word_1_287' title='bbox 828 4565 876 4618; x_wconf 79' lang='lat' dir='ltr'>tra</span> <span class='ocrx_word' id='word_1_288' title='bbox 900 4540 988 4639; x_wconf 84' lang='lat' dir='ltr'>ipsos.</span> <span class='ocrx_word' id='word_1_289' title='bbox 1009 4570 1109 4617; x_wconf 50' lang='lat' dir='ltr'>arma.</span> <span class='ocrx_word' id='word_1_290' title='bbox 1124 4546 1306 4645; x_wconf 81' lang='lat' dir='ltr'>expedire?</span> <span class='ocrx_word' id='word_1_291' title='bbox 1333 4554 1487 4627; x_wconf 85' lang='lat' dir='ltr'>Sirmium</span> <span class='ocrx_word' id='word_1_292' title='bbox 1513 4550 1678 4651; x_wconf 84' lang='lat' dir='ltr'>Gepaedes</span> <span class='ocrx_word' id='word_1_293' title='bbox 1703 4571 1883 4633; x_wconf 79' lang='lat' dir='ltr'>tenenr,o</span> <span class='ocrx_word' id='word_1_294' title='bbox 1909 4558 2105 4649; x_wconf 82' lang='lat' dir='ltr'>irnperator,</span> 
     </span>
    </p>
   </div>
   <div class='ocr_carea' id='block_1_14' title="bbox 703 4646 2118 4751">
    <p class='ocr_par' dir='ltr' id='par_1_14' title="bbox 703 4646 2118 4751">
     <span class='ocr_line' id='line_1_37' title="bbox 703 4646 2118 4751; baseline 0.002 -34"><span class='ocrx_word' id='word_1_295' title='bbox 703 4672 716 4693; x_wconf 82' lang='lat'><strong>·</strong></span> <span class='ocrx_word' id='word_1_296' title='bbox 828 4664 861 4717; x_wconf 88' lang='lat' dir='ltr'>et</span> <span class='ocrx_word' id='word_1_297' title='bbox 885 4647 1054 4719; x_wconf 78' lang='lat' dir='ltr'>Romanos</span> <span class='ocrx_word' id='word_1_298' title='bbox 1080 4646 1262 4721; x_wconf 82' lang='lat' dir='ltr'>abslralmnt</span> <span class='ocrx_word' id='word_1_299' title='bbox 1288 4654 1330 4723; x_wconf 85' lang='lat' dir='ltr'>iu.</span> <span class='ocrx_word' id='word_1_300' title='bbox 1346 4646 1554 4736; x_wconf 87' lang='lat' dir='ltr'>seruitutem,</span> <span class='ocrx_word' id='word_1_301' title='bbox 1588 4650 1684 4751; x_wconf 87' lang='lat' dir='ltr'>seque</span> <span class='ocrx_word' id='word_1_302' title='bbox 1710 4647 1853 4724; x_wconf 79' lang='lat' dir='ltr'>uniuersa</span> <span class='ocrx_word' id='word_1_303' title='bbox 1880 4656 1990 4724; x_wconf 70' lang='lat' dir='ltr'>Daua-</span> <span class='ocrx_word' id='word_1_304' title='bbox 2004 4654 2118 4748; x_wconf 66' lang='lat' dir='ltr'>potiriv</span> 
     </span>
    </p>
   </div>
   <div class='ocr_carea' id='block_1_15' title="bbox 824 4745 2191 4852">
    <p class='ocr_par' dir='ltr' id='par_1_15' title="bbox 824 4745 2191 4852">
     <span class='ocr_line' id='line_1_38' title="bbox 824 4745 2191 4852; baseline 0.005 -36"><span class='ocrx_word' id='word_1_305' title='bbox 824 4747 968 4834; x_wconf 70' lang='lat' dir='ltr'>iedlarrt5</span> <span class='ocrx_word' id='word_1_306' title='bbox 992 4745 1067 4841; x_wconf 86' lang='lat' dir='ltr'>post</span> <span class='ocrx_word' id='word_1_307' title='bbox 1092 4752 1181 4820; x_wconf 85' lang='lat' dir='ltr'>ouius</span> <span class='ocrx_word' id='word_1_308' title='bbox 1206 4748 1338 4822; x_wconf 86' lang='lat' dir='ltr'>tandem</span> <span class='ocrx_word' id='word_1_309' title='bbox 1362 4753 1435 4825; x_wconf 90' lang='lat' dir='ltr'>belli</span> <span class='ocrx_word' id='word_1_310' title='bbox 1459 4780 1522 4852; x_wconf 90' lang='lat' dir='ltr'>pro</span> <span class='ocrx_word' id='word_1_311' title='bbox 1548 4752 1969 4835; x_wconf 57' lang='lat' dir='ltr'>vobis,&#39;&#39;aut¹vobiscruu1,·</span> <span class='ocrx_word' id='word_1_312' title='bbox 1991 4750 2041 4822; x_wconf 90' lang='lat' dir='ltr'>vel</span> <span class='ocrx_word' id='word_1_313' title='bbox 2068 4754 2106 4823; x_wconf 85' lang='lat' dir='ltr'>in</span> <span class='ocrx_word' id='word_1_314' title='bbox 2185 4836 2191 4849; x_wconf 94' lang='lat'><em>.</em></span> 
     </span>
    </p>
   </div>
   <div class='ocr_carea' id='block_1_16' title="bbox 823 4848 2107 5121">
    <p class='ocr_par' dir='ltr' id='par_1_16' title="bbox 823 4848 2107 5121">
     <span class='ocr_line' id='line_1_39' title="bbox 825 4848 2107 4953; baseline 0.002 -35"><span class='ocrx_word' id='word_1_315' title='bbox 825 4871 885 4918; x_wconf 81' lang='lat' dir='ltr'>vos</span> <span class='ocrx_word' id='word_1_316' title='bbox 912 4872 1055 4941; x_wconf 77' lang='lat' dir='ltr'>anquam</span> <span class='ocrx_word' id='word_1_317' title='bbox 1080 4848 1161 4947; x_wconf 83' lang='lat' dir='ltr'>gesti</span> <span class='ocrx_word' id='word_1_318' title='bbox 1186 4854 1383 4924; x_wconf 73' lang='lat' dir='ltr'>vidior-iam?</span> <span class='ocrx_word' id='word_1_319' title='bbox 1421 4860 1460 4927; x_wconf 89' lang='lat' dir='ltr'>In</span> <span class='ocrx_word' id='word_1_320' title='bbox 1487 4860 1574 4927; x_wconf 84' lang='lat' dir='ltr'>cuius</span> <span class='ocrx_word' id='word_1_321' title='bbox 1598 4880 1727 4953; x_wconf 84' lang='lat' dir='ltr'>pugnae</span> <span class='ocrx_word' id='word_1_322' title='bbox 1761 4859 1944 4949; x_wconf 85' lang='lat' dir='ltr'>praemium</span> <span class='ocrx_word' id='word_1_323' title='bbox 1981 4850 2040 4921; x_wconf 86' lang='lat' dir='ltr'>illis</span> <span class='ocrx_word' id='word_1_324' title='bbox 2065 4874 2107 4922; x_wconf 79' lang='lat' dir='ltr'>ea</span> 
     </span>
     <span class='ocr_line' id='line_1_40' title="bbox 823 4942 2106 5052; baseline 0.005 -35"><span class='ocrx_word' id='word_1_325' title='bbox 823 4949 914 5042; x_wconf 83' lang='lat' dir='ltr'>regio</span> <span class='ocrx_word' id='word_1_326' title='bbox 943 4942 1055 5018; x_wconf 80' lang='lat' dir='ltr'>cellit?</span> <span class='ocrx_word' id='word_1_327' title='bbox 1080 4945 1178 5050; x_wconf 88' lang='lat' dir='ltr'>idque</span> <span class='ocrx_word' id='word_1_328' title='bbox 1202 4950 1376 5052; x_wconf 87' lang='lat' dir='ltr'>postquam</span> <span class='ocrx_word' id='word_1_329' title='bbox 1402 4981 1421 5026; x_wconf 88' lang='lat' dir='ltr'>a</span> <span class='ocrx_word' id='word_1_330' title='bbox 1446 4956 1536 5031; x_wconf 81' lang='lat' dir='ltr'>vobis</span> <span class='ocrx_word' id='word_1_331' title='bbox 1562 4956 1671 5029; x_wconf 86' lang='lat' dir='ltr'>crebra</span> <span class='ocrx_word' id='word_1_332' title='bbox 1695 4950 1869 5052; x_wconf 82' lang='lat' dir='ltr'>stipendia,</span> <span class='ocrx_word' id='word_1_333' title='bbox 1898 4956 2106 5033; x_wconf 76' lang='lat' dir='ltr'>etiemante.</span> 
     </span>
     <span class='ocr_line' id='line_1_41' title="bbox 2084 5074 2105 5121; baseline 0 0"><span class='ocrx_word' id='word_1_334' title='bbox 2084 5074 2105 5121; x_wconf 75' lang='lat' dir='ltr'>a</span> 
     </span>
    </p>
   </div>
   <div class='ocr_carea' id='block_1_17' title="bbox 867 5244 1209 5333">
    <p class='ocr_par' dir='ltr' id='par_1_17' title="bbox 867 5244 1209 5333">
     <span class='ocr_line' id='line_1_42' title="bbox 867 5244 1209 5333; baseline 0.018 -29"><span class='ocrx_word' id='word_1_335' title='bbox 867 5260 911 5313; x_wconf 76' lang='grc' dir='ltr'>ιο.</span> <span class='ocrx_word' id='word_1_336' title='bbox 931 5244 974 5307; x_wconf 88' lang='lat' dir='ltr'>Id.</span> <span class='ocrx_word' id='word_1_337' title='bbox 998 5246 1069 5311; x_wconf 89' lang='lat' dir='ltr'>ibid.</span> <span class='ocrx_word' id='word_1_338' title='bbox 1093 5270 1122 5333; x_wconf 83' lang='lat' dir='ltr'>p.</span> <span class='ocrx_word' id='word_1_339' title='bbox 1148 5266 1209 5325; x_wconf 73' lang='lat'>545:</span> 
     </span>
    </p>
   </div>
   <div class='ocr_carea' id='block_1_18' title="bbox 0 0 2467 6992">
    <p class='ocr_par' dir='ltr' id='par_1_18' title="bbox 0 0 2467 6992">
     <span class='ocr_line' id='line_1_43' title="bbox 0 0 2467 6992; baseline 0 0"><span class='ocrx_word' id='word_1_340' title='bbox 0 0 2467 6992; x_wconf 95' lang='lat' dir='ltr'> </span> 
     </span>
    </p>
   </div>
  </div>
 </body>
</html>
