4917 6992
783 1125 786 1134 Δ
876 1180 1148 1260 enrvrv.
1247 1167 1250 1172 ’
1533 1201 1537 1209 ·
1583 1193 1655 1284 ,99

1666 1297 1868 1386 Imp.'l'ttno.

904 1405 933 1458 a
957 1386 998 1458 C.
1022 1395 1108 1476 449-ο
1516 1455 1521 1465 s
1567 1407 1572 1414 “
1668 1401 1775 1453 ootro
1799 1393 1836 1456 u
1959 1401 1962 1411 ’

371 1505 451 1583 dem
474 1502 572 1604 igitur
596 1499 735 1580 locum,
758 1481 848 1569 vnde
873 1493 1180 1594 proficiscebannr,
1213 1493 1341 1597 praello
1366 1493 1482 1582 litere,
1514 1503 1572 1600 qui
1593 1503 1651 1578 bo

368 1634 451 1682 uem
474 1603 611 1705 agebant
636 1621 670 1673 et
695 1591 794 1697 pisces
818 1595 984 1672 fluuiatiles
1010 1599 1103 1670 nobis
1136 1597 1177 1670 ab
1205 1595 1302 1672 Attila
1327 1599 1437 1672 millos
1468 1594 1654 1677 afferebant.

369 1711 511 1784 Coemti
534 1729 597 1776 not
621 1699 804 1774 dormitum
828 1693 1032 1771 contulimus.
1085 1704 1187 1771 Luce'
1201 1717 1273 1772 orta
1302 1701 1338 1768 in
1362 1693 1454 1797 spem
1477 1698 1655 1776 adduceba·

368 1835 470 1894 mur,
494 1803 629 1880 Attilam
657 1797 690 1874 se
714 1795 757 1870 ad
778 1797 944 1874 lenitatem
968 1796 1142 1882 daturum,
1169 1817 1201 1872 et
1214 1793 1347 1900 aliquod
1373 1805 1452 1872 mite
1465 1797 1522 1874 rel
1536 1799 1657 1878 onium

369 1905 415 1984 ed
440 1933 501 1980 nos
524 1906 563 1979 ab
588 1896 658 2004 ipso
684 1888 941 1972 emanaturum.»
967 1898 1025 1970 Ille
1048 1923 1128 1971 vero
1153 1897 1265 1972 denuo
1291 1893 1426 1972 eosdem
1450 1827 1562 1987 nelli,
1594 1911 1656 1978 itu·
1698 1898 1701 1905 ’

370 2007 476 2110 litque
499 2007 609 2088 abire,
632 1997 658 2074 li
682 1999 765 2072 nihil
790 1996 884 2078 aliud,
900 2003 1051 2098 negotii,
1076 1995 1136 2071 nili
1164 1996 1348 2100 quodiam
1373 2002 1527 2074 omnibus
1544 2009 1658 2108 cogni·

250 2155 271 2180 0
369 2127 561 2190 tumeret,
593 2104 687 2176 nobis
714 2127 793 2172 cum
819 2097 875 2172 illo
900 2095 1123 2177 intercederet.
1170 2099 1273 2173 Nullo
1307 2094 1384 2173 dato
1422 2096 1578 2202 responso
1616 2101 1660 2178 ad

370 2217 432 2285 iter
457 2234 518 2281 nos
547 2207 765 2285 accinximus,
790 2197 847 2273 etli
872 2199 991 2301 Bigilas
1017 2204 1110 2273 omni
1136 2225 1202 2298 ope
1217 2196 1456 2286 contenderet,
1481 2201 1659 2305 etrespon.

370 2307 548 2484 demmpp,
572 2323 636 2380 nos
660 2298 746 2380 aliud
769 2303 914 2388 habere,
941 2297 1033 2404 quod
1063 2299 1197 2381 Aridum
1221 2297 1325 2388 scire,
1360 2307 1428 2376 eius
1453 2319 1657 2410 magnopere

369 2417 473 2488 intere
498 2419 538 2482 et'
632 2441 635 2448 ·
1586 2475 1590 2482 .

949 2507 989 2606 l·
1015 2529 1068 2602 aa

367 2723 378 2734 .
472 2665 549 2833 Estglo
574 2681 654 2733 vero
679 2683 756 2730 uun
771 2659 997 2732 Maximinum
1019 2611 1174 2733 moerore
1199 2656 1321 2734 confici
1344 2653 1514 2742 viderem,
1538 2653 1655 2731 alium·

341 2781 407 2864 nto
433 2761 488 2834 Ru
517 2766 602 2842 cio,
629 2764 684 2858 qui
709 2757 1073 2859 barbarorumlinguae
1122 2765 1217 2834 eritne
1242 2781 1333 2845 erat,
1364 2781 1399 2832 et
1421 2761 1595 2836 nobiseum
1619 2761 1656 2832 in

370 2865 543 2956 Scythiam
568 2877 723 2944 venerat,
747 2885 818 2930 non
840 2858 1032 2959 legationis,
1057 2785 1119 2934 sed
1125 2867 1267 2961 priuatae
1289 2865 1338 2936 rei
1364 2856 1479 2945 causa,
1504 2855 1547 2932 ad
1561 2860 1655 2931 Con·
1757 2925 1761 2933 .

370 2961 526 3040 flantium
553 2985 594 3032 ex
618 2956 704 3032 ltalia
731 2956 932 3042 oriundum,
957 2986 1058 3060 quem
1084 2959 1125 3034 ad
1151 2962 1287 3038 Attilam
1311 2966 1423 3039 Aetius
1445 2956 1655 3036 occidentali·

369 3087 433 3138 um
455 3067 688 3138 Romanomm
714 3055 804 3144 dux,
829 3079 865 3134 vt
888 3059 931 3136 illi
956 3062 996 3134 ab
1020 3061 1158 3162 epillolir
1186 3060 1286 3150 effet,
1321 3060 1472 3149 miserat,
1506 3068 1655 3134 Scottam

370 3161 437 3237 adii
461 3169 546 3258 (nec
580 3165 670 3234 enim
703 3155 812 3232 aderat
844 3159 1023 3262 Ouegefius
1037 3164 1103 3256 ml)
1136 3183 1272 3237 etcum
1308 3163 1365 3238 illo
1387 3190 1450 3264 per
1473 3159 1656 3237 Rusticirnn

369 3269 580 3366 interpretem
607 3259 806 3346 collocutus,
831 3287 910 3335 eum
933 3255 1072 3361 pretiosa
1096 3283 1129 3338 et
1150 3264 1292 3364 plurima
1317 3260 1407 3339 dona
1433 3267 1657 3341 aMaximino

370 3363 512 3444 laturum
540 3361 630 3448 dixi,
655 3361 681 3434 fi
706 3360 749 3436 illi
777 3357 901 3435 aditum
925 3361 968 3436 ad
994 3361 1126 3438 Attilam
1150 3363 1346 3466 patefaceret
1370 3386 1404 3438 et
1421 3369 1572 3438 muniret.
1596 3365 1655 3436 Le-

369 3489 488 3570 garum
514 3471 603 3540 enim
626 3467 737 3538 venire
763 3459 806 3537 de
828 3464 946 3549 rebus,
972 3489 1055 3564 quae
1079 3493 1150 3542 non
1176 3463 1285 3544 soltun
1308 3472 1486 3568 Romania,
1516 3461 1575 3538 sed
1608 3481 1654 3538 et·

326 3607 333 3618 ·
370 3574 581 3646 iamHunnis
606 3569 785 3638 maximam
813 3562 912 3638 essent
938 3567 1104 3642 utilitatem
1130 3567 1286 3644 allaturae.
1334 3572 1425 3671 Qrin
1448 3563 1656 3665 etipliOne·
1759 3609 1764 3617 =

369 3667 462 3773 gesto
488 3667 686 3767 legationem
711 3668 798 3736 hane
822 3691 946 3766 magno
973 3667 1199 3742 emolumento
1212 3666 1365 3745 futuam
1416 3673 1654 3741 Im'eratorem

371 3777 461 3845 enim
487 3765 621 3869 poscere
646 3765 738 3839 illum
765 3761 806 3838 ad
833 3761 864 3838 se
888 3767 1031 3866 legatum
1058 3769 1096 3842 ab
1124 3770 1222 3845 Attila
1246 3773 1355 3851 mitti,
1383 3774 1439 3867 qui
1464 3693 1653 3839 diiudicaret

371 3865 578 3954 controuersa
602 3873 685 3942 inter
709 3886 880 3965 utramque
905 3887 1067 3968 gentem,
1093 3867 1183 3944 vnde
1208 3858 1287 3942 non¹
1305 3865 1364 3940 nili
1389 3869 1571 3968 ingentibus
1592 3862 1653 3938 do·

371 3979 421 4046 nis
448 3971 625 4046 cunmlauu
650 3967 727 4040 ellet
751 3964 918 4040 rediturus.
972 3972 1136 4066 Oportere
1158 3972 1280 4070 igitur,
1307 3995 1385 4041 cum
1408 3972 1654 4044 minimeOne·

371 4071 476 4176 gesna
500 4070 603 4155 adsit,
635 4067 730 4142 illum
753 4073 897 4141 maxime
938 4071 973 4141 in
997 4089 1063 4141 tam
1092 4069 1252 4169 praeclara
1284 4070 1412 4143 adilone
1447 4098 1525 4142 cum
1555 4065 1655 4141 fratre

370 4193 503 4248 certare.
554 4179 595 4244 Et
618 4166 678 4269 ipfi
728 4195 837 4270 noque
851 4166 981 4246 Attilam
1006 4169 1184 4268 plurimum
1199 4168 1314 4253 fidere,
1328 4166 1405 4254 dixi,
1417 4197 1473 4245 me
1488 4163 1653 4268 accepill'e

371 4271 439 4350 Sed
463 4271 545 4346 nihil
567 4273 682 4348 firmae
705 4195 774 4369 lpei
805 4266 1037 4370 reponendum
1075 4275 1109 4344 in
1133 4269 1296 4374 eoquod
1327 4267 1439 4344 auditu
1464 4276 1620 4368 accipitur
1642 4285 1659 4366 ‚'
1695 4331 1700 4340 .

248 4375 258 4390 ‘
372 4373 507 4463 restare,
533 4393 568 4449 vt
589 4399 626 4448 re
650 4359 717 4478 ipsa
742 4391 861 4450 notum
880 4392 919 4450 -et
942 4367 1150 4472 perspedium
1169 4369 1316 4469 laceret,
1342 4393 1503 4490 quantum
1526 4370 1571 4449 illi
1597 4379 1658 4458 At.
1700 4397 1704 4402 ·

464 4499 470 4512 “
946 4491 975 4568 R
999 4518 1018 4566 r
1041 4505 1061 4568 1¹
1087 4522 1106 4570 a
1253 4563 1257 4568 .
1350 4503 1357 4516 ¹
1474 4552 1477 4562 ,
1599 4487 1656 4564 tila
1791 4558 1795 4569 .

416 4699 477 4778 m)
504 4700 576 4770 Pray
609 4699 642 4762 in
677 4697 767 4762 Notit
795 4697 832 4760 ad
862 4697 891 4760 in
921 4691 941 4760 l.
963 4717 991 4780 p.
1041 4713 1287 4785 ceptum-puto
1310 4697 1389 4762 eninr
1411 4695 1599 4758 nominatum
1611 4689 1658 4752 fu·

375 4781 991 4868 127.0trocotfius,inquit,0rig.Hung.
1041 4781 1094 4846 ill‘e
1122 4785 1238 4854 Enekes
1275 4784 1444 4861 (Cantor)
1478 4800 1542 4841 non
1575 4777 1659 4857 quod

373 4881 448 4957 part.
471 4873 505 4936 11.
527 4893 588 4954 cap.
620 4889 681 4935 xit.
704 4873 740 4932 ad
772 4889 880 4932 nomen
914 4871 991 4931 Onc-
1041 4881 1138 4932 tantus
1161 4873 1208 4934 vir
1230 4871 1335 4934 officio
1358 4864 1482 4932 canendi
1505 4861 1582 4947 apud
1610 4871 1660 4926 At·

374 4962 467 5038 genus
489 4960 549 5018 itae
572 4959 631 5018 Hic
656 4977 778 5040 quoque
801 4971 874 5042 puto
896 4953 991 5038 ipsum
1040 4953 1122 5018 tilam
1146 4950 1263 5020 lanum
1286 4954 1415 5031 fuitset,
1447 4949 1499 5014 sed
1532 4945 1660 5028 solum,

376 5046 554 5118 (Priscum)
582 5044 709 5120 errasse,
730 5065 792 5108 non
821 5047 895 5107 benc
921 5039 990 5128 alie
1029 5045 1124 5124 quod
1147 5043 1221 5111 illud
1242 5063 1300 5132 pro
1321 5043 1443 5108 nomine
1457 5037 1584 5125 proprio
1597 5031 1659 5116 ges-

372 5141 445 5220 mim
471 5147 579 5193 nomen
603 5132 895 5214 percipiendo-aut
915 5149 988 5190 vero
1039 5119 1115 5196 serit.

374 5222 414 5286 ab
439 5215 584 5285 alienon
606 5219 685 5283 tecit
705 5219 918 5304 prottmcitnte
940 5215 988 5280 de·
