4917 6992
776 1274 841 1341 204
985 1315 988 1320 .
1194 1241 1626 1321 Go'rtttcouvtt
1785 1234 1899 1339 ,“

519 1372 528 1396 s
556 1364 760 1451 Imp51vs'r1·
1323 1430 1327 1437 ¹

556 1460 677 1516 utnuo
693 1452 722 1515 1.
758 1448 764 1456 ’
1317 1470 1346 1521 a.
1369 1447 1408 1553 C
1441 1462 1514 1535 549.

665 1564 668 1576 '
1270 1566 1272 1571 ’
1346 1568 1482 1664 §·‘289·
1600 1641 1603 1656 .
1716 1652 1719 1663 .

661 1725 732 1796 214
780 1769 784 1777 ,
877 1690 1094 1767 Bettsnurvs
1125 1696 1318 1783 Byzantium
1357 1683 1511 1761 indecore
1547 1674 1713 1779 profedus
1750 1680 1817 1754 est:
1855 1705 1933 1783 cum
1966 1682 2064 1757 Italia·

685 1810 689 1824 ⁴
772 1794 997 1893 quinquennio
1024 1788 1070 1863 fic
1095 1786 1199 1866 fuitset
1226 1786 1395 1873 exdusus,
1421 1807 1457 1861 vt
1480 1776 1668 1883 nequiuiss'et
1698 1788 1787 1856 certis
1800 1784 1959 1858 itineribus
1977 1812 2058 1885 pro·

772 1886 890 1995 gredi3
920 1888 975 1965 scd
992 1891 1070 1965 'toto
1096 1894 1164 1964 hoc
1190 1914 1342 1993 ternpore
1366 1886 1506 1989 fugitans
1534 1880 1740 1965 clanculum,
1775 1906 1808 1956 et
1831 1887 1872 1961 ab,
1894 1912 1960 1957 vno
1985 1913 2056 1959 rna.

774 1997 885 2067 ritimo
910 1988 1069 2091 praefidio
1092 1990 1135 2063 'ad
1162 1990 1248 2065 aliud
1271 1994 1448 2091 nauigans,
1473 2013 1567 2061 oram
1594 1988 1796 2057 continenter
1826 1980 1970 2085 legifer:
1996 2014 2057 2060 vn·

772 2088 815 2166 de
832 2086 988 2194 fastum,
1011 2112 1045 2166 vt
1067 2092 1196 2167 liberius
1220 2092 1327 2167 hostes
1339 2092 1485 2166 Romam
1511 2081 1612 2184 ipsam
1637 2106 1825 2185 caeteraque
1850 2090 1961 2159 omnia
1986 2084 2057 2163 sub·
2162 2134 2167 2141 ·

773 2189 908 2293 egerint
961 2196 1065 2269 Tunc
1090 2214 1123 2267 et
1147 2190 1332 2277 Pentfiam,
1360 2192 1473 2267 vrbem
1499 2182 1639 2263 Tusciae
1664 2192 1870 2289 principem,
1906 2184 1973 2259 dira
1997 2190 2057 2263 ob·

722 2370 734 2423 t
770 2291 899 2390 fidione
924 2298 1068 2376 cinctam
1088 2295 1238 2399 reliquit:
1263 2320 1368 2399 quae,
1394 2290 1477 2373 dum
1495 2288 1547 2369 ille
1560 2284 1682 2363 effetiu
1695 2291 1770 2377 via,
1793 2288 2052 2391 vicaptaest-

1258 2476 1268 2493 ‘
1342 2484 1379 2579 t·
1411 2496 1497 2575 290·-
1541 2464 1548 2475 '

571 2734 578 2744 ι
671 2669 736 2741 215.
897 2632 975 2718 ‘sub
998 2629 1088 2719 idem
1111 2642 1180 2721 fere
1204 2665 1333 2744 tempus
1356 2639 1438 2717 lidis
1463 2668 1507 2724 ts,
1531 2641 1681 2735 Rifirdfi,
1705 2666 1804 2743 quem
1816 2642 1913 2712 Vacis
1922 2645 2068 2741 Longo·-

758 2740 955 2817 -badorum
978 2773 1037 2819 rex
1062 2748 1163 2821 exilio
1188 2748 1403 2829 multanerat,
1465 2750 1527 2825 'us',
1554 2744 1595 2819 ad
1621 2737 1978 2845 Gepaedesprofugur,
1999 2768 2056 2815 eo-

772 2870 850 2919 mm
876 2870 941 2945 ope
965 2841 998 2919 se
1022 2852 1058 2919 in
1078 2875 1220 2951 reguum
1246 2846 1416 2921 indubium
1442 2850 1479 2916 iri
1505 2840 1692 2943 sperauerat.
1745 2848 1821 2917 Hac
1857 2838 1937 2940 spe,
1973 2871 2056 2943 pace

773 2943 1011 3047 Langobardos
1036 2954 1119 3042 inter
1144 2970 1176 3022 et
1201 2946 1367 3049 Gepa'edes
1396 2948 1558 3032 restituta,
1585 2946 1725 3021 deiecius
1753 2944 1793 3017 ad
1815 2944 2055 3017 Sclauenosah·
2138 2962 2142 2967 '

773 3050 850 3119 iit'.
876 3051 966 3119 Hinc
990 3044 1182 3147 profedhn,
1220 3051 1381 3125 Totiiam·
1403 3050 1608 3150 Gotthosque
1634 3046 1721 3120 adire
1745 3048 1876 3127 statuit,
1918 3072 2056 3118 armato-

772 3170 851 3222 rum
876 3173 948 3220 non
971 3155 1079 3223 minus
1104 3147 1158 3225 sex
1183 3152 1282 3225 millia
1314 3148 1423 3223 secum
1456 3149 1586 3224 habens.
1639 3156 1766 3251 Agrum
1802 3140 1954 3245 ingredire
1991 3154 2056 3219 Ve-

770 3256 912 3331 netam,
938 3277 1016 3325 cum
1038 3244 1140 3344 ebuia
1171 3257 1404 3327 Romanorum
1437 3278 1537 3321 manu
1570 3246 1802 3351 ‘congressum
1841 3274 1916 3319 cam
1947 3254 1981 3320 in
2004 3242 2056 3321 fu·

776 3375 855 3449 gam
880 3350 995 3423 uertit‘
1018 3408 1026 3423 .
1051 3357 1123 3425 Nee
1152 3373 1261 3428 tamen
1288 3349 1319 3427 se
1343 3347 1508 3425 admiscuit
1535 3355 1683 3445 Gotthr'r3
1724 3346 1780 3425 sed
1816 3354 1934 3423 iterum
1957 3371 2055 3427 trane

773 3446 824 3525 'ito
849 3448 931 3525 Istro
959 3450 1063 3528 fluuio
1089 3452 1130 3527 ad
1155 3456 1330 3531 Schuenoe
1357 3450 1519 3531 conceffit.

1340 3644 1378 3743 ¹§.
1411 3666 1478 3735 291.

687 3897 695 3904 .
881 3804 988 3877 Dtnu'
1002 3805 1085 3878 haec
1107 3810 1150 3879 ita
1175 3804 1260 3880 fiunt
1273 3859 1291 3893 ,
1309 3828 1345 3881 vt
1371 3807 1458 3891 dixi,
1483 3810 1604 3878 interea
1628 3798 1771 3884 Ilaufur,
1808 3812 1949 3905 armiger
1972 3803 2055 3879 Beli·

774 3896 878 3989 sarii,
892 3913 1019 4004 genere
1038 3908 1208 3991 barbarus,
1235 3904 1397 3982 animosus
1421 3914 1469 3983 vir
1494 3930 1587 4004 atque
1613 3908 1776 4002 impiger,
1835 3912 1867 3977 ui
1892 3912 1927 3979 in
1963 3905 2052 3979 Italia

560 4077 565 4085 Ι
667 4004 736 4076 ⁰16.
776 4028 814 4073 ca
838 4022 887 4073 tus
911 4000 1128 4089 remanserat,
1151 4005 1192 4077 ad
1215 4008 1367 4080 Totilam
1392 4030 1424 4081 et
1450 4011 1591 4081 Gotthos
1624 4024 1746 4077 temere
1771 3930 1912 4081 dedciuit.
1963 4012 2054 4080 Con·

775 4028 884 4176 fedim
907 4098 1014 4201 ipsum
1037 4106 1166 4179 Totilar
1191 4134 1270 4180 cum
1294 4110 1401 4181 multis
1426 4113 1526 4205 copiis
1550 4107 1748 4206 nauibusque
1785 4111 1819 4179 in
1856 4109 2054 4184 Dalmatiam

775 4199 872 4276 mifit
923 4202 979 4276 lile
1002 4208 1195 4279 Muicurum
1221 4208 1337 4301 (locus
1362 4210 1407 4283 est
1433 4212 1610 4281 maritimus
1635 4234 1672 4277 ac
1697 4210 1866 4305 proximus
1900 4209 2052 4301 Salonis)

770 4300 922 4385 delatus,
948 4306 1095 4401 primum
1121 4305 1255 4407 quidem
1280 4306 1321 4381 ad
1344 4308 1465 4389 incolas
1502 4304 1533 4381 se
1558 4306 1733 4405 applicuit,
1768 4336 1883 4409 gerent
1920 4306 1952 4383 se
1987 4338 2051 4409 pro

777 4406 935 4480 Romano
959 4431 999 4475 ec
1020 4402 1199 4481 domestico
1225 4404 1362 4495 Belisarii
1424 4406 1552 4483 Deinde
1578 4434 1657 4483 vero
1679 4404 1755 4481 ense
1779 4408 1920 4485 districto
1945 4415 2053 4485 horta·

778 4524 830 4577 tue
853 4500 981 4587 socios,
1005 4530 1137 4605 repente
1161 4516 1419 4584 internecionem
1445 4508 1551 4595 fecit,
1568 4528 1663 4608 atque
1676 4512 1791 4609 opibus
1805 4510 1935 4611 direptis
1946 4518 2053 4587 onmi-
2117 4544 2124 4569 ⁸

777 4604 861 4687 bna,
885 4602 972 4677 istinc
997 4604 1145 4683 absceffit.
1192 4609 1306 4687 ‘Hinc
1330 4610 1370 4684 ad
1394 4618 1582 4687 Laurentem
1607 4638 1684 4683 cum
1710 4610 1898 4696 Claudiani,
1924 4622 1978 4715 qui
2000 4624 2078 4697 *cr-s

775 4703 861 4783 lonis
886 4727 1034 4805 praerat,
1058 4716 1159 4813 copiis
1185 4710 1393 4815 congressus,
1419 4716 1555 4791 victoria
1579 4717 1699 4809 potitus
1724 4712 1791 4785 est:
1818 4735 1849 4787 et
1874 4712 2051 4792 nauesfru.

777 4831 894 4889 mento
918 4832 957 4881 ac
982 4816 1110 4889 caeteris
1135 4813 1256 4889 cibariis
1282 4815 1415 4919 plenas,
1441 4840 1519 4919 quas
1545 4816 1580 4885 in
1603 4832 1702 4913 portu
1727 4812 1917 4917 reliquerat'
1937 4870 1949 4905 ,
1973 4847 2053 4896 cum

767 5066 778 5161 ο,
823 5110 884 5169 214.
911 5098 1059 5163 Pkocol’.
1083 5100 1120 5163 de
1139 5104 1171 5167 B.
1192 5105 1227 5168 G.
1252 5105 1345 5173 Lm„
1366 5125 1393 5169 t.
1485 5116 1539 5174 215.
1563 5098 1604 5163 Id.
1625 5064 1698 5181 ibid.
1720 5119 1749 5181 p.
1773 5116 1835 5183 549.
1870 5092 1970 5165 lotum
2003 5108 2066 5176 in..

778 5192 819 5257 ες.
838 5200 869 5266 p.
892 5194 953 5259 m
1012 5264 1020 5271 ἢ
1440 5200 1555 5265 regrum
1578 5186 1646 5249 uide
1670 5186 1703 5246 in
1727 5180 1985 5266 Lortgobardict‘s.
