4917 6992
813 1265 874 1349 ,25
1136 1322 1145 1331 .
1201 1203 1684 1334 ‘eorurcoavru
1730 1370 1734 1382 .

603 1367 808 1467 'triplicar-

503 1508 513 1530 ,
605 1464 772 1529 nranol.
1371 1482 1399 1531 a.
1426 1463 1463 1533 C.
1491 1480 1551 1551 553.

820 1614 904 1695 quot
929 1583 1044 1661 milites
1069 1580 1112 1657 ad
1136 1581 1169 1661 se
1193 1584 1319 1665 mittat,
1345 1606 1413 1680 quo
1438 1587 1535 1654 t'utius
1569 1606 1646 1653 cum
1675 1572 1736 1681 luis
1760 1576 1975 1676 Hydruntem
2007 1578 2115 1661 iudd-
2243 1630 2244 1677 t

682 1725 687 1732 ·
821 1724 893 1797 que
911 1693 1107 1783 Byzantium
1155 1680 1360 1757 roficiscatur.
1414 1688 1505 1784 Qoa
1531 1708 1607 1753 cum
1633 1710 1709 1755 acce
1735 1688 1783 1764 it,
1809 1690 1942 1758 Pacurio
1978 1682 2112 1785 fignifi..
2243 1680 2244 1729 l

717 1857 720 1865 .
820 1818 896 1880 cat,
920 1790 945 1863 li
972 1789 1086 1862 milites
1111 1713 1185 1859 [rios
1209 1790 1355 1883 accipere
1379 1784 1479 1867 velit,
1506 1780 1631 1857 necelle
1669 1710 1732 1861 esde>
1762 1792 1903 1859 remittat
1944 1784 2111 1863 obfides?

820 1904 900 1999 Quo
926 1895 1074 1965 Pacruius
1098 1885 1379 1986 audito‚‚,parrc0s
1403 1882 1582 1979 Hydrunte
1609 1882 1829 1983 praesidiarios
1867 1884 2038 1988 relinquit,
2068 1910 2105 1965 et

819 2026 897 2071 cum
924 1996 1052 2065 caeteris
1075 1992 1178 2087 copiis
1205 1983 1248 2057 ad
1272 1984 1380 2059 hostes
1403 1988 1564 2085 properati
1615 1990 1811 2093 Ragnaris-
1830 1988 1961 2060 obuiam
1998 1994 2105 2065 iturus

818 2098 929 2179 hosti,
954 2096 1105 2167 Tarento
1130 2091 1273 2165 Gotthos
1298 2083 1414 2159 educit.
1466 2085 1647 2161 Commissa
1673 2114 1805 2189 pugna,
1831 2092 2104 2167 vincirnnuGot·

818 2203 893 2283 thi,
919 2214 951 2269 et
976 2194 1155 2293 Ragnaris,
1179 2184 1290 2261 amissa
1313 2208 1403 2286 parte
1427 2182 1562 2261 suorum
1587 2196 1754 2271 maxima,
1787 2214 1863 2263 cum
1887 2191 2013 2289 reliquis
2042 2222 2104 2267 au·

789 2290 911 2399 ¹fugit.
963 2298 1064 2393 Septo
1090 2290 1277 2389 vndiquea
1316 2292 1475 2385 Romanis
1514 2293 1665 2364 Tarento
1705 2286 1868 2375 exclusus,
1904 2296 2103 2369 Acheronti-

816 2398 897 2473 dem
921 2391 953 2468 se
978 2390 1130 2474 confert,
1155 2392 1263 2489 ibique
1288 2411 1461 2462 manet.-
1508 2480 1513 2491 Ι

890 2493 1023 2569 .Haud
1046 2484 1152 2565 multo
1177 2490 1276 2588 post,
1302 2516 1379 2561 cum
1416 2492 1560 2561 Romani
1596 2496 1734 2565 Portum
1772 2483 1992 2577 obsedissent,
2017 2498 2100 2568 inita

645 2652 649 2655 -
809 2592 1054 2695 compolitioue
1080 2608 1259 2689 ceperunt3
1284 2594 1364 2663 item
1390 2594 1424 2661 in
1448 2586 1571 2665 Tuscia
1608 2592 1795 2679 cattelluu,
1821 2596 1873 2667 cui
1902 2594 1998 2695 Nepa
2033 2622 2099 2673 no.

599 2734 607 2747 ·
699 2788 701 2793 ,
811 2724 917 2786 men,
946 2722 983 2769 ac
1006 2699 1117 2771 Petrae
1141 2682 1286 2794 pertusae
1313 2694 1551 2767 municionem.

1385 2878 1521 2977 dm

913 3046 1019 3123 Teias
1044 3068 1148 3130 vero,
1173 3021 1316 3119 Gottlios
1342 3032 1538 3115 infirmiores
1562 3037 1726 3127 iudicans,
1754 3066 1856 3143 quam
1879 3064 1915 3117 vt
1939 3038 1997 3118 soti
2032 3069 2104 3147 pu·-

808 3158 929 3252 gnare,
936 3144 1065 3248 pollent
1089 3174 1167 3221 cum
1189 3151 1346 3221 Romano
1373 3149 1539 3227 exercinr,
1564 3142 1727 3241 legatione
1752 3142 1842 3216 milla
1876 3142 1918 3217 ad
1954 3152 2106 3222 Franco·-

810 3271 888 3325 tum
912 3251 1027 3349 regern
1052 3244 1361 3327 Theodebaldum,
1385 3244 1428 3319 ad
1454 3244 1527 3319 belli
1552 3238 1737 3349 societatem
1762 3250 1899 3347 ingentis
1937 3255 2106 3348 pecuniae·

811 3350 1102 3449 pollicitationibus.
1123 3376 1201 3422 eum
1225 3350 1380 3422 inuitauit.¹
1432 3353 1476 3419 At
1500 3350 1639 3427 Franci,
1665 3341 1750 3429 suis,
1787 3352 1933 3445 opinor,
1954 3354 2106 3425 ,rationi--

813 3452 874 3525 bus
898 3446 1089 3533 sertrientea,
1110 3477 1182 3525 uec·
1213 3453 1415 3534 Gotthicae·,.
1435 3470 1497 3519 nec
1520 3450 1690 3520 Romanae
1726 3451 1773 3518 rei
1811 3444 1902 3521 cansa
1942 3450 2096 3526 volebant

596 3608 600 3617 -
717 3544 783 3653 25¹1.
814 3555 915 3627 vitam
938 3547 1164 3651 profundere,
1188 3545 1245 3624 sed
1271 3550 1393 3624 Italiam
1418 3546 1475 3621 libi
1500 3544 1654 3631 subdere,
1679 3546 1810 3651 eiusque
1834 3555 1882 3625 rei
1904 3556 2004 3653 gratia
2028 3552 2104 3633 bel}

810 3652 885 3734 lum
907 3679 1021 3757 gerere
1048 3654 1247 3756 cupiebant„
1266 3650 1360 3729 nulla.
1378 3650 1531 3752 impliciti.
1549 3644 1717 3727 societate..

1381 3840 1567 3939 §wa

917 3977 1038 4052 Ticini
1053 3974 1225 4147 puid'enr,
1242 3984 1297 4053 vti
1323 3998 1416 4051 antea
1452 3978 1624 4064 diximus,
1649 3999 1778 4079 partem
1815 3982 1962 4085 aliqrram·
1992 4004 2104 4084 gazae

811 4074 950 4155 'roular-
969 4104 1007 4148 re
1030 4105 1051 4148 o
1065 4098 1153 4149 uerat
1166 4106 1180 4165 ς’
1201 4086 1389 4151 maximam.
1408 4106 1488 4153 vero
1518 4080 1736 4157 commifferat
1765 4086 1894 4159 castello
1928 4082 2105 4163 munitissi-

812 4204 897 4259 mo,
921 4202 989 4277 quo
1038 4183 1156 4251 Cumic
1175 4180 1223 4249 est
1244 4186 1283 4251 in
1303 4186 1482 4279 Campania
1495 4212 1512 4273 5:
1529 4182 1703 4282 locatoque
1726 4186 1768 4259 ibi
1787 4184 2095 4286 praefidiofmtrem

810 4274 908 4355 suum
934 4304 1011 4349 cum
1035 4276 1237 4363 Herodiano
1267 4278 1472 4381 praefecerat.
1522 4288 1603 4357 Hos*
1626 4281 1741 4359 Narseo
1789 4314 1977 4388 expugnare
2014 4312 2119 4361 COR-¹,

813 4380 958 4453 llitumm
981 4380 1124 4462 habens,
1150 4386 1251 4454 mittit
1274 4388 1395 4455 Cumas
1408 4436 1426 4467 ,
1444 4390 1506 4485 qui
1524 4384 1694 4459 castellum*
1716 4386 1915 4475 obfideant,
1945 4406 2095 4460 moratur

730 4512 736 4519 ·
813 4478 881 4579 ipse
906 4484 1059 4563 Romae,
1086 4482 1315 4556 constituendis
1351 4486 1443 4559 reb'us
1480 4478 1563 4561 ur'bis
1594 4490 1749 4565 intentuss·
1792 4486 2093 4569 Cennuncellarum

684 4589 692 4600 “
815 4585 947 4683 quoque
972 4578 1180 4657 obfidionem
1204 4582 1269 4658 aliis
1294 4613 1334 4660 eo
1360 4584 1457 4663 millis
1478 4586 1669 4663 demandae

1371 4774 1511 4873 dm

882 4990 889 4999 ⁸
918 4906 1014 4978 Tum
1036 4908 1145 4982 -Teias
1168 4914 1323 4988 Cumano
1347 4916 1516 5014 proclidio
1532 4944 1695 5020 gazaeque
1721 4927 1862 5003 timens,
1888 4937 1963 4993 eta
1994 4918 2094 4993 Fran·

812 5001 858 5075 eis
884 4999 1080 5110 desperans,
1103 5015 1148 5085 ita
1171 5008 1245 5091 suos
1272 5016 1442 5109 instruxit,
1466 5040 1501 5099 vt
1524 5019 1697 5123 pugnandi
1723 5050 1800 5105 cum
1811 5020 1906 5102 holle
1918 5018 2091 5099 consilium

728 5168 733 5177 ‚
1991 5144 2086 5237 prae

783 5270 1200 5397 Jmumnm
