4917 6992
840 1294 1053 1375 ‘CA'I‘VT
1076 1298 1164 1409 viij
1440 1403 1444 1420 Ι
1569 1326 1625 1398 177

894 1524 922 1573 a.
945 1502 987 1576 C.
1011 1518 1084 1593 540.

335 1609 411 1696 biis
436 1610 631 1700 videbatur,
649 1611 695 1723 ‘fi
730 1614 928 1717 impedirent
955 1625 1131 1723 quominus
1156 1614 1256 1693 bostis
1281 1616 1322 1692 ad
1349 1614 1521 1697 obsess'orec
1548 1651 1627 1699 con·

337 1719 512 1798 tenderet:
543 1718 680 1791 barbaris
705 1746 806 1822 graue
831 1744 899 1797 erat
922 1726 967 1797 ibi
993 1749 1163 1825 pugnare,
1189 1728 1302 1795 animo
1328 1727 1562 1825 cogitantibus,
1599 1725 1626 1799 fi

336 1820 418 1902 illud
442 1821 607 1922 proelium
632 1820 717 1895 maie
744 1822 892 1911 cederet,
926 1822 1053 1899 serem
1066 1828 1257 1899 Gotthicarr'r
1281 1820 1424 1901 fundum
1439 1824 1626 1918 euerfirros3

334 1920 451 1999 aubia
476 1922 626 2001 videlicet
651 1921 801 1999 facultate
826 1920 953 2001 ferendi
979 1924 1105 2006 obseffis
1131 1953 1233 2029 opem
1256 1929 1373 2003 iunctis
1411 1956 1489 2005 cum
1516 1934 1626 2031 Vitige

336 2027 467 2105 viribus.
480 2066 528 2085 -·
1207 2056 1217 2065 ’
1469 2038 1482 2058 “

697 2180 702 2187 .
773 2130 812 2185 '2
921 2129 955 2227 ᾗ
981 2144 1055 2219 2320·

422 2255 551 2325 Interea
574 2249 712 2331 Franci,
753 2272 831 2323 cum
858 2250 1064 2325 Gotthorum
1087 2276 1126 2325 ac
1150 2249 1383 2325 Romanorum
1420 2256 1503 2327 vires
1539 2248 1624 2325 beilo

338 2355 409 2428 hoc
433 2356 622 2425 imminutas
648 2347 823 2434 audirent,
848 2369 881 2425 et
905 2378 942 2423 ea
966 2378 1002 2424 re
1026 2351 1303 2455 ma'gnamltaiiae
1326 2374 1453 2454 partem
1472 2350 1625 2429 facillime

1634 1410 1842 1494 Implvsrr.

1523 1514 1528 1527 ‘
1636 1514 1755 1563 urnuo
1777 1502 1800 1565 1.

1735 2159 1742 2203 i

1664 2261 1722 2327 ηπ.
1750 2298 1757 2307 .

339 2452 616 2553 seoccupaturos
654 2448 845 2535 crederent,
884 2450 1000 2537 cfidei,
1033 2480 1132 2553 quam
1157 2456 1286 2528 Gotthis
1311 2482 1413 2555 aeque
1439 2480 1477 2528 ac
1503 2457 1626 2529 Roma·
1746 2524 1751 2533 ,
1824 2518 1850 2538 .,

339 2562 391 2627 nie
417 2555 677 2637 obstrinxerant,
702 2547 851 2644 securi³‚
880 2556 986 2628 coadii
1010 2546 1124 2629 ssatim'
1140 2552 1182 2627 ad
1208 2543 1340 2629 cenntm
1357 2555 1480 2639 miiiie,
1507 2559 1626 2651 Theo-

340 2655 479 2730 deberto
504 2654 611 2738 duce,
637 2652 883 2752 expeditionem
907 2661 943 2728 in
966 2655 1090 2729 Italiam
1113 2650 1384 2755 susceperunt—.
1397 2660 1465 2730 ‘De
1482 2680 1627 2755 quorum

340 2755 482 2831 aduentu
505 2763 659 2830 certiores
684 2751 761 2829 faeti
787 2759 928 2841 Gotthi,
953 2756 1158 2843 extdtarunt,
1183 2762 1308 2856 ingenti
1332 2750 1387 2857 spe
1414 2756 1507 2839 elati,
1549 2782 1628 2831 cum

342 2886 397 2933 eos
419 2858 481 2933 fibi
507 2858 628 2932 auxilio
656 2863 791 2943 venire,
816 2854 913 2957 seque
937 2862 971 2931 in
998 2860 1167 2958 posterum
1193 2865 1271 2931 citra
1298 2884 1446 2958 pugnam
1480 2857 1628 2931 hostium
1730 2864 1733 2871 ’

342 2964 504 3061 potituros
530 2962 757 3035 arbitrarentur
767 2970 789 3033 ².
829 2957 994 3061 Qamdiu
1019 2965 1055 3033 in
1078 2965 1208 3060 Liguria
1231 2954 1325 3032 fuere
1344 2964 1524 3043 Germani,
1549 2964 1630 3033 Got-

340 3065 404 3135 this
424 3062 511 3135 maie
535 3088 698 3161 nmquam
723 3056 856 3144 fecere,
896 3088 939 3134 ne
964 3060 1003 3132 ab
1028 3060 1086 3135 illis
1110 3060 1187 3136 Padi
1212 3058 1344 3134 trmfitu
1369 3062 1630 3161 prohiberentur.
1709 3152 1714 3166 .

344 3166 432 3237 Cum
454 3184 569 3237 autem
594 3164 711 3238 vrbem
735 3165 899 3236 Ticinum
930 3159 1124 3262 attigiss'ent,
1138 3182 1299 3260 -ponte
1323 3182 1507 3263 occupato,
1545 3186 1630 3261 quoe

342 3265 385 3338 ibi
401 3270 566 3339 'inuenere
589 3267 793 3338 Gotthorurn
818 3262 934 3337 liberos
961 3284 994 3336 et
1016 3291 1136 3339 uxores
1164 3263 1399 3347 immolarunt,
1445 3286 1630 3359 eorumque

345 3394 484 3467 corpora
510 3374 549 3439 in'
570 3366 733 3448 fluuium,
757 3386 912 3465 tanquam
937 3362 1012 3439 belii
1035 3368 1215 3465 primitias,
1241 3369 1457 3463 proiecerunt.
1498 3362 1627 3436 ‘Postea

337 3489 453 3568 aperte
476 3470 621 3544 Gottbor
646 3464 775 3551 adorti,
799 3492 921 3567 magna
941 3491 1061 3540 eorum
1085 3466 1170 3541 edita
1195 3466 1321 3567 strage,
1361 3492 1417 3539 eos
1450 3468 1485 3537 in
1511 3460 1627 3564 fugam

346 3576 565 3643 coniecerunt.
612 3572 692 3669 Qo
716 3562 832 3653 fauo,
869 3571 1005 3642 Gonhi²
1056 3596 1091 3643 er
1116 3562 1183 3671 ipsa
1206 3566 1290 3645 adeo
1316 3570 1551 3649 Rornanonmr
1577 3570 1627 3639 ca'·

347 3670 414 3746 stra
434 3674 625 3771 Rauennam
650 3672 813 3772 petierunt
826 3673 935 3745 'citato
961 3596 1167 3747 curib-rt

926 3840 958 3936 i·
985 3860 1052 3927 233·

377 4036 385 4043 .
425 3958 541 4033 Gotthi
565 3978 667 4035 vero,
693 3960 749 4053 qui
775 3978 865 4035 erant
890 3963 1050 4041 Auximi,
1082 3956 1285 4031 Francorum
1311 3947 1453 4025 aduentu
1477 3946 1631 4025 nondum

349 4065 508 4161 cognito.
532 4080 600 4131 tim
624 4055 726 4154 longa
751 4049 822 4129 feffi
845 4064 1073 4161 expediatione
1101 4062 1209 4133 vocati
1234 4054 1392 4131 Rauenna
1416 4052 1547 4136 auxilii,
1574 4056 1631 4123 ite·

1666 3963 1732 4035 1⁷²·

348 4188 486 4262 rumque
514 4156 660 4236 obtestari
686 4153 991 4262 volentesVitigin,
1017 4186 1095 4233 curn
1120 4158 1265 4231 hostium
1292 4152 1448 4228 custodias
1474 4180 1544 4225 non
1556 4146 1629 4271 pos-
1721 4165 1724 4169 ’

348 4258 413 4337 sent
438 4259 573 4345 fvlleres
599 4262 848 4349 marcentium,
884 4264 1022 4342 militem
1048 4264 1266 4341 Romanum,
1293 4256 1395 4333 multa
1418 4259 1556 4354 pecunia
1580 4279 1629 4325 rn·

349 4362 485 4439 (iustum
509 4361 552 4435 ed
575 4364 701 4460 Vitigin
729 4386 807 4441 cum
830 4366 927 4441 literis
939 4355 954 4451 ,¹
991 4364 1105 4467 quibus
1139 4358 1298 4460 suppetias
1335 4358 1517 4457 rogabant,
1557 4360 1645 4427 mit·¹

349 4485 427 4541 tunt.
480 4462 535 4540 Ad
560 4488 643 4563 quae
667 4464 806 4561 Vitigis,
831 4464 888 4553 se,
914 4470 980 4540 huc
1006 4490 1107 4565 usque
1133 4466 1335 4536 Francorum
1360 4464 1538 4555 irruptione
1571 4461 1632 4527 irn-

350 4567 522 4668 pediam,
548 4572 703 4670 proxime
727 4566 804 4665 ipsis
831 4569 948 4647 auxilia
971 4562 1143 4644 uriss‘urtun
1167 4558 1317 4638 rescribit.
1349 4562 1467 4637 Gotthi
1480 4557 1634 4730 aliquapn·

510 4722 514 4727 .
1599 4682 1634 4731 ru

391 4885 448 4951 171.
473 4870 526 4932 Ide
541 4868 616 4947 ibid.
640 4890 665 4934 c.
690 4883 732 4944 ις.
746 4892 774 4957 p.
786 4888 967 4951 447-449.
1062 4865 1174 4947 172.1d.
1188 4865 1261 4949 ibid.
1276 4886 1300 4927 c.
1316 4858 1365 4930 26.
1378 4884 1423 4943 27.
1437 4862 1634 4945 pineo-458.

389 4968 433 5044 q)
460 4957 586 5034 Franci,
611 4954 698 5020 viui·
734 4960 824 5022 etiam
847 4956 967 5041 proelio
1059 4953 1106 5033 r)
1131 4956 1213 5015 cuius
1239 4951 1370 5017 fraudem
1397 4952 1497 5034 postea
1519 4948 1634 5008 Gothua

354 5036 516 5120 Romania,
541 5042 628 5103 breui
650 5044 734 5129 post,
758 5042 867 5106 morbo
892 5065 966 5126 quo.
1020 5040 1186 5117 quidam,a
1202 5036 1289 5107 slauo
1302 5054 1418 5124 ceptus,
1431 5034 1634 5124 aperuitvide

356 5123 418 5189 dam
446 5136 500 5211 pet
515 5148 619 5189 eorum
632 5136 794 5201 exercitum
807 5128 969 5215 gramme,
1018 5125 1157 5195 Slauica.

355 5210 649 5283 eonumtediermt.
762 5283 764 5290 ,
861 5292 866 5299 ‚
1066 5263 1088 5297 χ

957 5300 986 5379 Z
