4917 6992
1221 1160 1730 1315 urrtvcrconrru¹

1410 1416 1442 1515 §-
1470 1434 1519 1509 aa

1378 1600 1406 1651 a
1430 1582 1469 1653 0·
1496 1573 1565 1671 555:

815 1750 821 1757 ·
929 1698 1181 1780 Interea-dum
1201 1706 1358 1777 exercitur
1383 1699 1498 1776 mouet
1521 1702 1620 1795 [cum
1645 1698 1781 1771 Francis·
1798 1694 1842 1769 ad
1867 1700 1950 1795 ripas
1964 1691 2109 1773 Casulini

736 1797 741 1809 ’
823 1812 916 1889 lluuii
941 1806 1103 1907 proelium
1127 1806 1310 1901 initurus]‚
1335 1808 1443 1877 etiam
1467 1822 1598 1904 praetor
1610 1800 1733 1899 equum
1745 1794 1997 1881 conscenderat,
2022 1828 2108 1873 nun-

823 1920 920 1986 tiatur
942 1905 1026 2008 ipa,
1051 1905 1216 1978 Herulum
1241 1900 1407 2005 quendam
1432 1930 1504 1977 non
1529 1901 1669 1976 emultir
1694 1905 1777 1973 inter
1799 1895 1904 1999 ipsos,
1928 1904 2106 1999 nequeob·

817 2010 982 2092 scutum,
1009 2002 1063 2078 scd
1090 2005 1235 2079 nobilem
1260 2010 1406 2105 inprimis
1430 2004 1583 2079 illustrem
1608 2030 1649 2077 ue
1672 2002 1799 2084 virum,
1824 1998 1989 2101 quendam
2015 2001 2107 2076 edo·

829 2142 865 2187 m
882 2112 964 2183 ilicis
988 2102 1048 2179 suis
1072 2104 1191 2189 sentis,
1217 2106 1308 2206 quod
1333 2106 1436 2207 aliqua
1461 2110 1495 2177 in
1521 2134 1557 2178 re
1582 2030 1780 2205 deliquillet‚
1812 2098 1988 2175 miserrime
2011 2108 2109 2179 inter·

828 2210 944 2287 fecisse.
997 2212 1112 2280 Statim
1134 2213 1242 2307 itaque
1267 2204 1411 2281 adducto
1437 2210 1569 2321 halguis
1593 2232 1716 2309 equum
1739 2201 1872 2295 fissens,
1902 2202 2107 2281 homicidam

830 2322 865 2387 in
889 2308 1036 2386 medium
1061 2306 1238 2407 producit,
1264 2329 1418 2409 tauquam
1443 2304 1492 2381 fas
1516 2334 1586 2381 non
1611 2302 1687 2383 eiset
1712 2303 1877 2405 proelium
1901 2301 2011 2388 adire,
2040 2305 2107 2405 [uili

826 2412 927 2486 caede
952 2416 1085 2509 expiata.
1136 2417 1353 2509 Interrogatus
1379 2436 1459 2509 ergo
1493 2410 1532 2481 ab
1568 2430 1609 2480 eo
1635 2407 1805 2489 barbarus,
1843 2432 1946 2505 quum
1980 2402 2105 2485 fadum

737 2540 793 2623 43,
824 2514 979 2591 fateretur
991 2552 1008 2593 ‚·
1026 2535 1133 2609 neque
1158 2510 1280 2582 inficias
1303 2516 1386 2593 iret,
1411 2516 1517 2583 immo
1545 2537 1563 2581 e
1588 2514 1749 2582 contrario
1783 2503 1950 2590 assereret,
1974 2507 2106 2583 liberam

829 2620 962 2689 dominic
986 2609 1041 2707 effe
1059 2610 1249 2705 potestatem
1276 2611 1314 2681 dr
1329 2612 1438 2708 struis
1453 2612 1527 2709 suis
1545 2612 1689 2707 profcto
1711 2612 1849 2680 arbitrio
1887 2610 2066 2681 decernendi
2093 2667 2107 2696 ‚

830 2738 865 2792 vt
890 2738 921 2787 et
948 2712 999 2785 alii
1025 2706 1162 2795 scirent,
1188 2708 1248 2781 nili
1274 2710 1422 2785 officium
1449 2710 1613 2793 facerent,
1638 2708 1780 2782 similiter
1804 2704 1913 2783 secum
1928 2712 2038 2784 adlum
2056 2708 2113 2784 iris

831 2823 921 2891 Cum
946 2820 1051 2911 itaque
1077 2811 1173 2884 veluti
1198 2810 1285 2882 nulla
1313 2811 1417 2884 caedis
1432 2832 1629 2913 perpetratae
1647 2808 1858 2910 poenitudine
1871 2808 2007 2893 dudlur,
2036 2840 2108 2912 per·

824 2925 925 2991 ‘uicax
952 2934 983 2987 et
1010 2909 1143 2983 caedem
1169 2908 1298 3011 spiranti
1323 2912 1431 2986 fimilis
1457 2932 1685 3013 permaneret„
1724 2908 1836 2983 Narses
1871 2910 2038 2984 lidloribu's
2071 2934 2108 2986 vt

834 3046 912 3093 curu
935 3012 1125 3088 interficiant
1148 3010 1289 3083 mandat.
1302 3020 1438 3117 atqueis
1452 3012 1608 3115 quidem,
1627 3008 1700 3089 ense
1711 3012 1763 3085 ilia
1773 3004 1949 3111 perfoffus,
1971 3018 2107 3087 inertie.

1414 3206 1445 3303 i
1472 3230 1521 3299 aa·

936 3369 1140 3445 Herulorum
1164 3392 1243 3441 vcro
1272 3370 1384 3456 turba,
1412 3394 1446 3447 rt
1470 3391 1523 3445 ote
1533 3368 1679 3453 barbari,
1708 3366 1880 3450 dolebant,
1909 3362 2107 3465 molesteque

836 3466 871 3542 id
896 3466 1062 3555 ferebant,
1102 3490 1134 3542 ct
1157 3496 1176 3543 a
1200 3470 1329 3567 proelio
1371 3466 1402 3543 se
1434 3400 1606 3546 dibduccre
1632 3471 1814 3543 statuebant.
1865 3462 1978 3539 Narses
2004 3494 2106 3547 vem,

834 3576 902 3645 hoc
928 3575 1024 3669 patilo
1051 3567 1149 3641 caede
1174 3576 1325 3667 expiata,
1351 3570 1439 3645 etde
1464 3572 1592 3649 Herulis
1607 3567 1736 3671 'parum
1762 3564 1934 3651 sollicitus,
1960 3572 1993 3637 in
2005 3573 2107 3640 aciem

833 3668 1042 3773 progressus,
1067 3668 1166 3743 edixit
1188 3668 1351 3759 vniuerlac
1376 3672 1572 3747 multitudini
1599 3695 1631 3746 et
1646 3672 1874 3771 proclamauit,
1899 3688 1949 3752 vt,
1977 3675 2109 3770 quicun-

823 3860 826 3864 ‚
860 3801 898 3846 ue
927 3774 1079 3846 vidloriae
1103 3776 1261 3871 particeps
1286 3771 1348 3847 elle
1373 3776 1492 3859 vellet,
1535 3801 1599 3849 vua
1622 3770 1731 3846 secum
1757 3768 2001 3871 sequeretur.-
2040 3772 2109 3841 Sin·

833 3800 909 3946 dual
932 3894 1064 3956 acuent,
1089 3873 1293 3966 Herulorum
1321 3873 1412 3959 dux,
1447 3898 1540 3975 turpe
1570 3872 1725 3976 quiddam
1753 3894 1784 3945 et
1809 3867 1968 3971 generoso
1997 3876 2108 3943 animo

741 4045 746 4053 ,
832 3965 1007 4069 indignum
1034 3967 1198 4056 censebat,
1222 3972 1260 4055 fi,
1286 3996 1375 4048 tanto
1400 3978 1526 4074 proelio
1538 3982 1687 4075 'vtrinque
1712 3974 1890 4055 iullrudlo‚
1914 3967 1981 4069 ipse
1994 3977 2111 4070 pariter

766 4098 770 4108 '
834 4096 868 4148 et
893 4056 941 4169 iri
968 4070 1160 4146 desertionis
1184 4072 1467 4167 infimularentur3
1492 4098 1524 4149 ct
1548 4074 1732 4151 viderentur
1755 4103 1791 4147 re
1815 4070 1948 4174 quidem
1976 4070 2039 4173 ipsa
2050 4078 2111 4152 hof

833 4176 895 4250 ilar
919 4172 1166 4263 reformidaffe3
1197 4170 1412 4251 formidinem
1439 4204 1518 4251 uero
1542 4174 1631 4250 suam
1666 4189 1835 4277 praetextu
1868 4173 2111 4249 beneuolentiae

727 4334 732 4342 ,
837 4302 914 4373 erga
939 4294 1111 4373 mortuum
1135 4268 1279 4371 pallialse.
1333 4280 1547 4381 Nequaquam
1574 4286 1680 4381 itaque
1705 4272 1931 4378 donquiescere
1946 4272 2110 4361 sullincna,

836 4371 962 4451 Narseti
986 4372 1166 4473 significat,
1194 4384 1379 4475 opperiatur
1404 4376 1458 4465 se,
1499 4402 1612 4480 utpote
1638 4386 1768 4453 iamiam
1805 4405 1882 4450 cum
1909 4374 1968 4449 liris
1993 4375 2110 4451 aduen-

836 4499 956 4552 nuum.
988 4470 1102 4548 Narses
1129 4502 1233 4559 vero,
1260 4472 1440 4579 sequidem
1457 4480 1825 4580 nonpraellolanrrum,
1851 4472 2031 4577 respondit,
2057 4506 2113 4551 cu·

836 4600 981 4653 ratururn
1007 4596 1138 4659 tamen,
1176 4596 1212 4650 vt
1241 4598 1280 4651 ct
1301 4578 1362 4679 ipli
1387 4577 1443 4655 suo
1469 4586 1504 4655 in
1530 4590 1596 4657 acie
1628 4582 1705 4657 loco
1743 4580 1953 4665 ordinentur,
1990 4578 2113 4653 etiarnli

836 4678 936 4779 paulo
961 4674 1056 4751 serim
1082 4676 1280 4752 aduenerint.
1332 4684 1447 4761 Heruli
1473 4690 1579 4786 itaque
1618 4690 1743 4785 optime
1782 4688 1918 4767 armati,
1956 4683 2112 4783 bonoque

758 4824 762 4831 -
840 4776 955 4853 ordine
978 4785 1069 4852 ocius
1095 4778 1324 4880 procedebant.
1375 4782 1511 4880 [Narses
1534 4792 1654 4859 interea
1678 4791 1782 4862 aciem
1807 4785 1931 4858 iustruit
1955 4788 2007 4881 et]
2042 4789 2111 4857 He·
2205 4844 2208 4853 .

663 4946 667 4951 .
744 4892 803 4981 '49
838 4883 913 4955 rulia
940 4880 1073 4981 quidem
1097 4888 1133 4955 in
1157 4881 1270 4955 medio
1298 4890 1394 4961 totius
1420 4892 1556 4991 agminis
1580 4888 1671 4961 locus
1697 4908 1763 4960 crat
1780 4884 1981 4989 designatus:
2006 4912 2113 4989 neque

837 4989 926 5056 enim
952 4980 1059 5055 adhuc
1082 4983 1128 5057 illi
1150 4982 1355 5061 aducncrmt
2006 4990 2037 5087 ᾗ
2061 4994 2115 5080 56.

878 5204 927 5264 47·
952 5188 1146 5252 Acamas
1174 5190 1208 5253 L.
1228 5192 1266 5261 u
1288 5212 1318 5277 p.
1342 5212 1389 5269 42.
1540 5214 1588 5273 49.
1611 5194 1653 5257 u.
1674 5158 1747 5257 ruit.
1772 5214 1801 5279 p.
1825 5176 1872 5267 4'4

884 5284 928 5349 48·
947 5271 990 5340 Id.
1012 5272 1086 5338 ibid.
1111 5296 1142 5362 p.
1166 5294 1210 5353 43.
