4917 6992
618 4245 626 4254 “
754 4237 898 4342 nihil,
931 4257 1089 4346 praeter

749 1166 888 1312 xum
1154 1205 1638 1304 rhaeorum

901 1444 949 1568 c)
980 1447 1178 1540 PETRVS'
1208 1461 1328 1553 gente
1359 1440 1569 1554 Illyrius,
1609 1439 1740 1570 patria
1771 1435 2042 1526 Thelialoni·

745 1581 909 1688 cuniis,
942 1578 1102 1669 eretor
1136 1577 1220 1663 srue
1253 1572 1489 1662 aduocatos
1522 1574 1758 1684 Cplitanus,
1797 1569 1970 1719 piures·
1953 1570 2042 1655 ··ob

751 1715 804 1801 iit
857 1729 1047 1822 tempore
1102 1700 1383 1794 iustinianil
1421 1707 1529 1815 apud
1570 1702 1828 1788 Atalaricum
1876 1703 2086 1814 eiusque

749 1861 931 1930 matrem
966 1833 1310 1926 Amalasuntham
1350 1853 1393 1920 et
1426 1832 1725 1942 Theodotum,
1772 1827 2044 1938 Gothorum,

749 1992 792 2076 et
822 1971 1086 2073 Chosro'e'm,
1135 1965 1414 2074 Persarum,
1431 1988 1545 2076 reges
1593 1964 1841 2072 legationes,
1898 1964 2072 2074 quibua

651 2155 655 2163 =
749 2101 900 2210 insigni
934 2126 1031 2186 cum
1064 2095 1181 2206 laude
1212 2097 1452 2202 desuustus,
1487 2121 1523 2183 a'
1545 2092 1766 2181 iustiniauo
1801 2095 1913 2199 Aug.
1949 2091 2045 2178 Ma·

746 2233 864 2345 giliri
894 2233 1139 2320 officiorum
1174 2248 1214 2315 et
1250 2225 1415 2316 Patrieii
1453 2226 1716 2336 dignitatibus
1767 2241 1935 2307 ornatus
1975 2221 2041 2311 en

749 2389 785 2450 a.
823 2383 866 2454 c.
911 2383 993 2454 DL.
1034 2359 1163 2446 adhue
1202 2358 1416 2468 superstes
1433 2361 1538 2449 suit
1589 2355 1747 2467 Scripta
1784 2377 1888 2438 ueto
1928 2355 2053 2462 eius,

752 2511 915 2644 praeter
951 2479 1047 2577 haec
1081 2503 1273 2601 excerpta
1311 2489 1362 2574 de
1392 2481 1696 2600 legationibus,
1747 2481 1946 2632 temporis
1978 2483 2059 2576 in,

753 2622 860 2714 iuria
892 2623 1115 2734 perierunt.

727 2794 731 2800 ⁵
902 2808 952 2929 d)
984 2829 1225 2917 PRISCVS,
1259 2834 1282 2895 a
1320 2809 1431 2897 uitae
1463 2837 1608 2923 genere
1627 2810 1773 2902 libetur
1789 2824 1833 2896 et
1851 2809 2044 2926 Sophiste,

750 2945 973 3059 apatria,
1001 2969 1103 3055 quae
1138 2941 1312 3028 Panium
1348 2942 1441 3028 urbs
1474 2941 1675 3045 Thraciae
1727 2946 1834 3048 suit,
1885 2942 2045 3044 Pariter
2176 3027 2182 3034 .

752 3074 1101 3182 cognominatus,
1136 3070 1205 3158 sub
1234 3069 1467 3159 Theodosio
1498 3074 1662 3168 iuniore
1698 3073 1850 3162 floruit.
1891 3074 1931 3157 A
1959 3069 2072 3190 hia-p

751 3201 947 3312 ximino,
992 3204 1067 3316 qui
1105 3201 1152 3287 ab
1191 3203 1343 3301 eodem
1387 3203 1638 3315 imperatore
1679 3229 1715 3288 a.
1753 3227 1799 3298 c.
1836 3221 2042 3294 cnxux.

750 3335 802 3419 ad
836 3330 1018 3422 Attilam
1049 3330 1203 3440 legatus
1235 3330 1377 3415 missus
1408 3337 1494 3441 esi,
1527 3359 1663 3420 comes
1684 3332 1893 3440 dolosius,
1927 3355 2044 3445 pruo-

751 3461 904 3548 claram
938 3459 1002 3549 illi
1038 3463 1255 3578 prudentia
1290 3462 1355 3547 sua
1389 3489 1558 3580 operam
1596 3468 1796 3575 nouauit,
1844 3490 1940 3548 eum
1982 3463 2047 3547 ei·

751 3597 849 3682 dem
884 3591 933 3676 ad
964 3591 1187 3700 Attilam,
1214 3590 1325 3704 qui,
1372 3592 1425 3675 ob
1461 3595 1625 3679 strus'ias
1676 3593 1744 3680 fibi
1793 3621 1814 3678 a
1850 3594 2046 3680 Romanis

700 3704 716 3722 “
753 3718 914 3808 infidias
943 3720 1004 3806 ira
1035 3717 1175 3808 ardens‘
1193 3783 1205 3826 ,
1247 3719 1433 3830 legatum
1465 3726 1685 3810 admittere
1721 3721 1914 3832 nolebat,
1964 3723 2046 3806 adi·

751 3867 843 3940 tum
879 3841 1129 3962 patefaceret
1163 3874 1260 3936 eum
1298 3851 1411 3936 vltra
1444 3879 1598 3941 annum
1634 3877 1722 3946 xv.
1748 3853 2048 3936 LeonisThra·

752 3980 814 4065 cis
845 3977 931 4065 fiue
962 3973 1117 4066 Christi
1151 3997 1364 4070 cDLxxr.
1395 3978 1630 4090 superfuisse
1659 3979 1841 4068 Hankius
1872 3981 2047 4066 demon·

751 4111 904 4200 lirauit.
971 4106 1040 4195 De
1073 4105 1194 4194 Pisci
1219 4105 1416 4220 ¹seriptis,
1446 4133 1544 4218 quae
1578 4108 1697 4223 plura
1732 4131 2048 4220 memorantur,

1104 4133 1318 4386 kxcerpta
1349 4239 1576 4348 quaedam,
1609 4241 1791 4352 superesi.
1825 4241 2045 4329 Caeterum

751 4365 826 4456 hic
857 4369 1015 4453 Priscus
1048 4365 1349 4478 proculdubio
1382 4368 1492 4454 idem
1526 4371 1615 4478 est,
1651 4373 1722 4482 qui
1756 4370 2046 4481 alheopbane

751 4495 982 4588 consessore
1013 4523 1053 4612 p
1093 4523 1195 4588 100.
1215 4516 1459 4614 ,corrupto
1490 4502 1659 4594 nomine
1690 4499 1840 4589 Thrax
1872 4501 2046 4594 Persicus

755 4645 943 4722 vocatur.

911 4805 1244 4912 e)MArcrrvs
1279 4801 1407 4918 patria
1441 4759 1754 4923 Philadephenfas
1788 4801 2048 4914 Syrus,so-

757 4927 936 5046 philiam
969 4937 1057 5043 egit
1084 4935 1438 5048 Constantinopoli
1469 4956 1576 5023 eta
1611 4957 1658 5030 c
1695 4959 1873 5032 cnxxl,
1884 4932 2049 5020 adhuc

583 5174 586 5186 Ι
755 5061 951 5184 superstes
979 5067 1076 5154 suit
1142 5065 1367 5176 Historiam
1403 5063 1681 5176 Byzantinam
1727 5069 1777 5156 ab
1807 5069 1923 5158 obitu
1955 5063 2086 5204 inde·

1964 5207 2049 5296 13.
