4917 6992
824 1145 851 1227 ῃ
1057 1226 1067 1246 x
1147 1067 1179 1178 f
1256 1122 1649 1205 svuunuwu

822 1333 907 1410 olim
931 1327 1133 1433 pertinmlh,
1170 1351 1254 1430 quae
1289 1329 1395 1427 longo
1420 1323 1495 1424 poli
1518 1344 1694 1424 tempore,
1728 1323 1904 1403 Iustiniano
1927 1327 1954 1396 1.
1987 1320 2098 1425 impe-

822 1429 935 1518 rante,
959 1442 994 1506 in
1019 1435 1155 1533 regione
1181 1433 1280 1522 Dory
1303 1426 1413 1500 adbuc
1437 1421 1623 1524 supererant
1640 1431 1782 1510 eorum,
1807 1419 1863 1496 sub
1882 1430 2019 1500 nomine
2029 1433 2099 1502 Go-

750 1573 752 1578 ·
820 1541 958 1610 thorum
980 1537 1252 1612 Tetraxitarum,
1278 1529 1455 1628 reliquiae,
1494 1525 1642 1599 talianum
1665 1523 1796 1599 faciunt.
1850 1524 1964 1625 Qidi
1988 1528 2099 1602 multis

822 1635 898 1737 post
921 1632 1048 1708 saeculis
1073 1638 1166 1733 regio
1190 1631 1244 1707 illa
1267 1633 1413 1711 Gothia,
1436 1645 1472 1698 et
1495 1625 1622 1700 incolae
1647 1622 1774 1701 saeculo
1790 1625 1864 1724 poll
1891 1631 1930 1699 C.
1955 1631 1999 1699 N.
2024 1635 2099 1703 XV.

824 1739 927 1812 Gothi
954 1734 1203 1836 appellabantur.
1253 1735 1305 1802 Ex
1329 1733 1379 1802 his
1405 1734 1512 1826 itaque
1530 1730 1738 1824 regionibus,
1764 1727 2100 1824 HyperboreasThe·

824 1840 970 1936 ophanes
995 1853 1114 1915 vocat,
1140 1830 1191 1905 alii
1215 1825 1272 1903 sub
1297 1829 1401 1902 finem
1425 1828 1550 1902 Saeculi
1574 1833 1632 1902 IV.
1657 1857 1676 1901 e
1701 1824 1771 1900 ressi
1795 1823 1943 1925 luperato
1970 1829 2099 1904 llboin

822 1941 967 2014 Romani
992 1938 1121 2034 imperii
1146 1936 1323 2030 prouinciis
1348 1922 1587 2011 consederunt,
1612 1856 1810 2028 realemque
1833 1923 1889 2000 sub
1907 1927 2099 2031 Viligotho-

821 2065 899 2112 rum
922 2041 1059 2112 nomine
1084 2041 1119 2108 in
1143 2031 1216 2106 loca
1242 2036 1345 2131 magis
1370 2027 1412 2102 ad
1435 2026 1643 2100 occidentem
1668 2027 1749 2113 sita,
1788 2026 1926 2102 Galliam
1949 2035 2102 2132 inprimit

824 2158 857 2212 et
872 2135 1074 2238 ¹Hispaniam
1101 2137 1384 2234 commigratum
1408 2129 1459 2201 alii
1484 2125 1539 2202 sub
1565 2127 1669 2200 finem
1695 2126 1831 2200 demum
1844 2129 1969 2202 Saeculi
1994 2137 2036 2204 V.
2059 2137 2099 2208 in

821 2237 973 2318 Italiam,
1005 2239 1114 2328 paucis
1138 2231 1402 2320 remanentibus,
1427 2228 1594 2326 abierint,
1633 2247 1665 2311 et
1690 2231 1753 2312 110⁸
1779 2225 1913 2336 quidem
1940 2231 2102 2333 Ollrogof

821 2342 897 2415 thos
922 2332 1079 2414 vocabant
1102 2329 1163 2416 ali,

1093 2635 1408 2780 'Historia
1443 2635 1786 2749 Gothorum.

925 2977 977 3070 Ῑ.)
1003 2973 1105 3050 Gothi
1143 2979 1210 3050 iant
1252 2975 1400 3049 Traiano
1439 2979 1618 3076 imperante
1651 2975 1845 3048 Romanum
1871 2972 1981 3066 (circa
2006 2993 2033 3041 a
2059 2971 2100 3041 C.

821 3077 919 3176 rob.)
943 3069 1134 3150 infestarunt
1163 3081 1350 3174 imperium.
1402 3081 1547 3152 Centum
1573 3073 1642 3150 fere
1673 3095 1706 3148 et
1743 3079 1976 3176 quinquaginta
2009 3069 2100 3142 annia

826 3173 960 3272 elapsis,
985 3201 1054 3278 quo
1088 3179 1246 3278 temporis
1269 3173 1438 3250 interuallo
1463 3173 1596 3252 historia
1619 3176 1798 3265 Byzantina
1835 3173 1876 3246 de
1913 3190 2010 3272 gente
2047 3166 2101 3243 illa

821 3269 918 3358 filet,
956 3274 996 3349 ab
1030 3279 1171 3376 irnperio
1196 3280 1291 3353 Decii
1316 3277 1424 3369 (circa
1447 3303 1474 3347 a
1500 3279 1540 3348 C.
1568 3277 1659 3366 250.)
1690 3269 1817 3346 rttrhuu
1841 3276 1955 3345 iteratis
1980 3269 2103 3344 vicibus

662 3429 666 3436 ι
820 3399 912 3448 nunc
936 3379 1156 3452 Cinuneriurn
1181 3371 1608 3475 Bosporum·etl'ontieum
1633 3395 1747 3460 mare,
1773 3372 1991 3446 nuncistrum
2003 3381 2122 3442 trans·¹

820 3472 941 3574 greffi,
967 3472 1078 3550 Aliam
1103 3483 1222 3577 pariter
1239 3486 1343 3576 'atque
1366 3484 1561 3574 Europam,
1594 3471 1647 3548 vel
1672 3499 1743 3546 oras
1767 3472 1909 3550 clalhbus
1933 3464 2101 3573 legenter,

644 3628 647 3636 ·
684 3545 687 3554 ¹
819 3563 886 3648 vel'
900 3577 1088 3650 exercitibus
1111 3575 1308 3678 pedestribus
1331 3575 1584 3651 mediterraneos
1611 3593 1832 3672 percutentes
1858 3575 1998 3653 metus,
2029 3597 2100 3644 eru-

822 3670 979 3749 deliffime
1004 3675 1172 3752 tuumne
1223 3683 1263 3751 In
1286 3675 1363 3752 Alia
1398 3675 1534 3779 quidem
1573 3678 1749 3768 Bithynia,
1782 3681 1930 3759 Pontio,
1967 3671 2073 3767 Lydia
2085 3681 2101 3759 ,“

820 3773 1056 3875 Cappadocia,
1080 3781 1245 3877 Phrygia,
1272 3777 1394 3851 Galatia
1418 3797 1450 3851 et
1475 3777 1609 3863 Cilicia3
1634 3779 1670 3846 in
1696 3779 1830 3875 Europa
1849 3803 1930 3852 vem
1954 3769 2100 3858 Moefia,

822 3875 991 3960 Thracia,
1015 3875 1239 3959 Macedonia,
1265 3874 1456 3959 Thessalia,
1481 3881 1617 3950 Graecia
1641 3873 1684 3946 ad
1699 3870 1962 3975 Peloponnesum
1988 3901 2100 3977 voque,

820 3973 998 4068 Illyricum
1011 3973 1155 4076 denique
1181 4000 1299 4049 eorum
1324 3975 1414 4049 arma
1441 3995 1575 4074 experta
1599 3969 1680 4049 sunt.
1731 3983 1885 4051 Attamen
1910 3974 2014 4075 etipli
2028 3999 2101 4052 non

822 4079 960 4174 imprme
982 4069 1111 4174 semper
1134 4069 1204 4148 suas
1228 4072 1335 4147 fecere
1371 4080 1588 4174 irruptiones,
1624 4075 1664 4147 ab
1700 4078 1883 4153 Acutiliano
1923 4081 2100 4176 inprimis,

821 4175 1052 4274 irnperannbus
1077 4174 1172 4250 Gallo
1185 4195 1231 4249 =et
1256 4173 1457 4258 Voluliano,
1482 4205 1501 4248 a
1526 4174 1667 4250 Claudio
1692 4195 1725 4250 et
1749 4183 1871 4254 Tacito
1896 4182 2100 4279 imperatori·

820 4275 881 4350 ltus
907 4280 1019 4370 (circa
1045 4303 1071 4348 a
1099 4280 1138 4348 C.
1164 4300 1233 4366 270.
1258 4280 1349 4371 ης.)
1376 4275 1515 4351 cladibus
1541 4275 1657 4350 affetti.
1709 4279 1846 4354 Saeculo
1874 4305 1955 4354 vero
1970 4280 2045 4379 poll
2056 4283 2102 4356 C.

814 4379 863 4451 N.
890 4381 946 4454 IV.
973 4383 1026 4472 (a.
1056 4381 1093 4450 C.
1120 4383 1217 4472 328.)
1244 4377 1473 4454 Constantinus
1496 4384 1546 4455 M.
1572 4379 1709 4452 barbaris
1749 4381 1811 4456 illis
1836 4379 1946 4468 mala,
1984 4381 2101 4482 quibua

819 4481 989 4579 hucusque
1018 4479 1193 4551 Romanos
1217 4474 1414 4566 affecerant,
1439 4507 1530 4554 uma
1554 4485 1589 4553 in
1611 4476 1757 4581 ipsonrm
1787 4484 1892 4567 fines,
1929 4481 2010 4556 Illro
2037 4503 2099 4556 tra-

819 4581 934 4664 let‘io,
971 4577 1091 4676 saepius
1115 4575 1227 4651 infelia
1254 4601 1412 4679 portans,
1441 4579 1599 4682 rependit.
1650 4581 1871 4687 Qadraginta
1898 4579 1969 4658 fere
2006 4589 2102 4658 annis·

819 4679 895 4780 poli
921 4685 972 4774 (a.
1000 4684 1039 4755 C.
1064 4683 1161 4774 3⁶7·)
1188 4679 1416 4759 Valentiniano
1444 4711 1519 4757 curn
1545 4684 1683 4759 Valente
1705 4680 1804 4762 frene
1821 4691 2099 4766 Romauummo·

786 4787 788 4790 ’
823 4777 954 4855 derante
978 4783 1177 4880 imperium,
1214 4786 1318 4856 Gothi
1343 4812 1422 4858 cum
1451 4781 1588 4859 hatrum
1616 4784 1740 4871 altero,
1778 4787 1937 4882 Valente,
1971 4781 2099 4887 saepius

821 4887 917 4956 armis
941 4878 1125 4980 con'greffi,
1148 4881 1340 4984 plerumque
1365 4883 1571 4961 discefferunt
1594 4888 1742 4962 vittoree.
1772 4891 1840 4964 sub
1865 4889 1954 4964 idem
1965 4907 2099 4989 tempus

803 4985 961 5064 Hunni,
985 4981 1032 5054 isti
1058 4983 1143 5056 orbis
1169 4985 1364 5071 vastatores,
1402 4983 1463 5061 suis
1489 4981 1655 5061 sedibuse
1695 4983 1771 5073 eth,
1810 5011 1906 5090 atque
1930 4996 1965 5063 in
1989 4995 2098 5064 Euro«

819 5109 902 5187 patu
926 5079 1044 5172 effufi,
1070 5085 1199 5164 Gothos
1225 5083 1594 5191 remmittuntur
1617 5117 1640 5168 u
1693 5083 1810 5172 seruire
1832 5091 1893 5177 fibi
1917 5090 1970 5174 vel
1986 5086 2096 5168 solum

757 5250 761 5256 ·
1313 5267 1320 5278 .
1494 5273 1498 5278 ,
1968 5211 2095 5279 ΝΜ
