4917 6992
1260 1241 1687 1350 aururcorvst

1362 1469 1389 1516 a.
1416 1447 1455 1520 C.
1490 1449 1562 1517 626.

824 1558 979 1666 plurimas
1001 1561 1167 1634 machinas
1190 1561 1273 1636 iutra
1297 1585 1411 1636 muros
1442 1587 1629 1664 apponere,
1663 1560 1820 1660 peditius
1857 1559 2006 1662 quotidie
2042 1571 2119 1636 iuui-

827 1694 901 1742 cem
923 1665 1161 1764 pugnantibus,
1185 1662 1388 1763 nostrisque,
1413 1669 1475 1737 Dei
1502 1662 1730 1763 prouidentia,
1764 1665 1963 1748 vidioribus,
1997 1693 2041 1738 ae
2064 1669 2119 1739 ho·

726 1813 789 1866 101.
825 1767 886 1840 lles
910 1765 1012 1866 louge
1034 1759 1299 1863 propulsantibus.
1352 1762 1506 1838 Conlecit
1530 1785 1693 1864 praeterea
1718 1767 1882 1836 machinas
1905 1767 2122 1848 iaculatoriar,

698 1859 706 1884 i
828 1895 906 1970 quas
934 1862 1117 1939 extrorsum
1145 1869 1237 1936 corio
1262 1869 1349 1937 texit.
1400 1865 1591 1938 Aedificauit
1616 1889 1725 1937 autem
1751 1869 1846 1937 ineo
1871 1861 2000 1964 spatio,
2032 1865 2121 1968 quod

825 1975 908 2046 iutra
922 1988 1052 2066 portam
1069 1963 1257 2059 Polyaudrii
1271 1987 1315 2048 ,et
1340 1987 1469 2062 portam
1488 1970 1592 2041 laudii
1619 1971 1763 2039 Romani
1786 1971 1968 2051 interiacet,
1997 1993 2042 2042 12
2060 1991 2123 2039 tur-

825 2097 877 2147 res
902 2067 1031 2140 castellis
1056 2067 1222 2140 inllrrrdlas
1237 2059 1293 2152 '‘l,
1318 2068 1493 2164 praealtas,
1528 2091 1560 2141 et
1584 2095 1665 2167 quae
1689 2063 1755 2168 ipsa
1779 2063 1849 2139 sere
1871 2068 2122 2169 propugnacula

826 2176 1041 2270 attingerent,
1077 2195 1154 2267 quas
1191 2189 1223 2238 et
1248 2167 1384 2266 perinde
1412 2175 1503 2241 corio
1537 2173 1686 2241 muniuit.
1738 2165 1802 2252 sed
1835 2186 1866 2240 et
1884 2191 2034 2253 nautae,
2066 2175 2120 2268 qui

824 2291 914 2346 erant
938 2275 975 2340 in
999 2269 1098 2350 vrbe,
1126 2265 1265 2368 egrelli,
1292 2269 1412 2342 ciuibus
1436 2267 1576 2344 sublidio
1602 2289 1714 2352 eraut,
1748 2295 1895 2369 unusque
1930 2298 1973 2343 ex
2004 2268 2120 2344 iisdem

680 2373 683 2380 ’
744 2438 748 2447 ,
822 2377 925 2446 nautis
950 2370 1074 2441 malum
1099 2375 1263 2441 nauticum
1288 2373 1487 2448 machinatus
1511 2371 1577 2454 est,
1609 2377 1643 2442 iu
1672 2373 1760 2444 cuius
1785 2365 1969 2443 summitate
1996 2377 2118 2470 nauigi-

678 2557 688 2566 ,
824 2472 917 2548 olum
942 2467 1120 2569 appendit,
1154 2496 1221 2569 quo
1246 2471 1390 2544 hollium
1423 2486 1526 2544 turres
1554 2471 1685 2544 castellis
1719 2467 1883 2544 instructas
1908 2471 2120 2545 incenderet:

824 2599 924 2672 quem
952 2569 1085 2670 quidem
1109 2592 1266 2655 nautam,
1291 2575 1346 2674 qui
1372 2573 1478 2648 hostes
1500 2570 1584 2646 adeo
1609 2572 1809 2674 perculerat,
1834 2572 2036 2648 eollaudauit
2057 2577 2119 2646 Bo·

823 2700 886 2749 arus
910 2667 1070 2776 gloriosus
1095 2670 1255 2775 magister.
1654 2681 1663 2686 “

611 1615 750 1684 Heraclii.

1408 2777 1532 2872 §·1tr·

931 2901 1024 2978 Idem
1048 2929 1151 3004 porro
1176 2901 1434 2978 celebratiliimut
1466 2903 1634 3006 magister,
1675 2917 1801 3012 quoties
1836 2911 1878 2985 ad
1902 2913 2040 2987 moenia
2073 2936 2119 2982 ac·

829 3000 942 3086 t'effit,
968 3029 1039 3074 non
1066 3005 1182 3076 destitit
1206 3005 1337 3077 hollem
1362 3011 1508 3090 hortari,
1533 3037 1603 3080 uon
1628 3005 1733 3084 solum
1760 3038 1796 3090 vt
1820 3015 1936 3088 tributa
1961 3011 2018 3086 sua
2044 3015 2119 3082 acci·
2230 3021 2231 3070 ἒ

825 3124 941 3204 peret,
967 3100 1021 3174 sed
1046 3128 1078 3176 et
1099 3105 1182 3185 alia,
1216 3132 1360 3204 quorum
1388 3104 1478 3178 causa
1513 3105 1555 3178 ad
1588 3107 1652 3209 ipsa
1685 3142 1785 3214 usque
1813 3097 1950 3188 moenia
1979 3135 2116 3188 venerat.
2230 3135 2231 3158 ³

829 3211 957 3276 Verum
981 3204 1062 3274 nihil
1086 3233 1128 3278 ex
1156 3208 1206 3276 his
1242 3204 1594 3308 adrnilit,.dixitque:
1630 3217 1742 3292 „Vrbe
1777 3215 1906 3299 cedite,
1938 3216 2117 3312 vestrasque
2230 3241 2231 3312 3

827 3299 975 3380 fortunas
1001 3308 1083 3375 milri
1109 3306 1279 3390 dimittite,
1314 3305 1498 3408 seruateque
1532 3337 1590 3382 vos
1624 3311 1709 3410 ipsos
1742 3339 1774 3390 et
1798 3314 1934 3391 familias
1972 3317 2115 3396 vestras„
2230 3315 2231 3396 l

828 3407 1017 3504 Augebatur
1040 3432 1120 3479 vero
1152 3405 1356 3504 potiffrmum
1389 3417 1424 3482 iu
1450 3409 1587 3484 trabariis
1602 3426 1658 3496 ⁰1,
1695 3443 1773 3515 quas
1804 3413 1915 3491 secum
1950 3417 2114 3495 attulerat,

826 3511 861 3582 in
884 3531 975 3586 mare
1008 3503 1235 3580 demittendis:
1262 3537 1339 3580 cum
1365 3539 1382 3581 a
1408 3515 1580 3586 maioribus
1605 3509 1727 3613 scaphis
1740 3521 1773 3585 el
1799 3518 2023 3618 impediretur.
2055 3511 2116 3588 Sed

828 3631 885 3680 cas
908 3603 1039 3678 tandem
1065 3612 1099 3679 in
1121 3635 1212 3680 mare
1236 3615 1412 3683 immittere
1438 3611 1580 3685 decreuit
1605 3613 1712 3691 versus
1737 3626 1874 3716 pontem
1899 3615 2001 3693 sancti
2027 3616 2116 3692 Calli·

826 3711 919 3790 uici,
946 3705 1053 3779 triduo
1083 3709 1257 3808 postquam
1283 3717 1392 3810 coepit
1426 3715 1540 3785 vrbem
1572 3741 1775 3818 oppugnare.
1828 3719 1906 3793 ideo
1933 3747 2014 3792 uero
2040 3725 2114 3791 hoc·

799 3835 865 3882 -ee
888 3807 965 3881 loco
993 3817 1139 3882 trabariae
1165 3809 1326 3885 dimittere
1352 3819 1381 3887 ei
1407 3811 1510 3888 viluru
1537 3815 1604 3898 eli,
1640 3818 1730 3916 quod
1759 3820 1829 3891 loca
1854 3821 1906 3892 illa
1939 3816 2041 3892 effent
2065 3844 2114 3892 sa·

826 3905 926 3990 dosa,
952 3929 997 3980 et,
1012 3911 1065 3984 vbi
1089 3915 1213 3984 maiora
1236 3919 1365 4014 nauigia
1390 3913 1543 3988 accedere
1568 3923 1705 3992 minime
1729 3941 1890 4018 poteraut.
1925 3917 2125 4000 Mausenrnt,

823 4014 923 4110 igitur
949 4007 1064 4084 eadem
1088 4018 1216 4112 nauigia
1239 4018 1504 4096 intrabatiarum
1530 4013 1731 4116 conspeetu,
1758 4023 1797 4092 ab
1823 4019 1904 4094 aede
1918 4017 2004 4093 l'arcra
2019 4017 2111 4092 fausti
2230 4051 2231 4056 ¹

825 4116 975 4284 corpuopis
1008 4134 1092 4186 trans
1122 4113 1245 4189 fretum
1278 4143 1378 4219 usque
1406 4119 1448 4192 ad
1482 4123 1624 4200 Fontes,
1663 4147 1741 4196 cum
1772 4120 1941 4200 uatium
1979 4123 2111 4199 traharis

827 4238 891 4314 pro
935 4233 1049 4306 ,erent
1694 4230 1698 4238 '

827 4453 832 4465 '
935 4452 1096 4536 dabbato,
1130 4459 1214 4528 circa
1245 4453 1434 4556 vesperam,
1468 4455 1614 4532 secundo
1646 4457 1688 4534 le.
1721 4466 1859 4565 Augusti
1891 4461 2012 4540 mensis
2043 4466 2110 4548 die,

835 4551 1010 4652 chaganus
1034 4577 1185 4647 proceres
1210 4556 1250 4627 ad
1279 4557 1481 4658 colloquium
1508 4567 1666 4634 euocauit.
1716 4567 1760 4637 Et
1793 4566 1906 4666 egreffi
1941 4565 2014 4640 sunt
2037 4593 2109 4637 cum

831 4649 903 4753 ipso
923 4651 1122 4774 'collocuturi
1145 4659 1305 4766 Georgius
1332 4660 1370 4732 cl.
1387 4667 1556 4760 patricius,
1581 4661 2110 4742 TheodoruseLCommerciariua
2230 4705 2231 4710 ¹

833 4753 975 4828 Glalh'rl
987 4811 999 4838 ,
1026 4753 1229 4834 Theodorus
1252 4759 1291 4834 cl
1317 4768 1467 4860 patricius
1503 4783 1535 4838 et
1555 4761 1747 4864 logotheta,
1781 4769 2108 4946 Theodorussffigi·

780 4917 784 4922 .
1365 4889 1368 4896 '
1958 4897 1980 4947 0
2076 4892 2108 4948 ²!

877 5074 932 5122 tor.
963 5061 1136 5124 cuuourc.
1174 5063 1301 5130 Pascat.
1328 5085 1358 5151 p.
1390 5083 1453 5160 394
1546 5069 1610 5166 p)
1636 5073 1939 5172 σκαφοκωραβων.

882 5144 939 5239 rr)
964 5161 1239 5246 πυξγοκαλλει.
1553 5175 1605 5269 q)
1628 5172 1648 5250 ὅ
1676 5201 1737 5264 rat
1762 5185 1892 5255 toccu.

857 5247 935 5342 '·)
959 5243 1145 5350 ewirle·

2230 4711 2231 4782 ψ
