4917 6992
789 1195 1263 1273 DEVuNDrtLlsst
1471 1180 1474 1184 ’
1579 1206 1644 1278 ‚rr

354 1401 462 1478 latum
485 1387 613 1466 manlia
663 1389 731 1464 Hic
754 1413 918 1492 praeterea
942 1398 1105 1472 Gizericus
1144 1397 1278 1472 vrbiurn
1311 1393 1468 1482 Africae,
1508 1388 1662 1499 praeter‘

283 1560 287 1568 ,
346 1498 622 1596 ,Crsrthaginem¹
654 1497 807 1568 omnium
833 1493 1092 1582 murosdituit,
1129 1523 1224 1599 agros
1249 1498 1321 1570 liliis
1346 1493 1409 1571 suh
1445 1497 1642 1601 reliquisque

357 1595 515 1674 Vandalis
540 1589 721 1677 distribuit,
744 1619 865 1696 eosque
887 1602 1053 1672 inmunes
1077 1593 1140 1672 effe
1164 1595 1272 1688 ruffus,
1310 1596 1382 1672 illos
1421 1625 1524 1684 vero,
1555 1627 1640 1700 quoe
1778 1597 1787 1622 ‘

357 1720 485 1778 veteres
512 1694 641 1769 domini
665 1691 774 1768 adhuc
797 1702 1024 1783 retinuerunt,
1052 1700 1174 1772 tributis
1197 1694 1233 1770 su
1257 1725 1293 1772 ra
1315 1694 1458 1782 modum
1482 1707 1642 1776 nouauit.
1698 1716 1703 1731 ¹

356 1798 512 1877 Condito
537 1792 675 1868 demum
699 1795 917 1882 testamento,
940 1824 1007 1900 quo
1032 1803 1116 1874 inter
1139 1799 1198 1872 alia
1222 1723 1346 1883 linxit,
1373 1818 1410 1872 vt
1433 1795 1541 1876 senior
1559 1797 1643 1876 sem·

355 1927 421 2004 per
446 1927 466 1974 e
492 1897 597 1995 stirpe·
613 1891 666 1966 sua
690 1903 725 1970 in
748 1925 854 1998 regno
878 1894 1085 1986 succederet,
1116 1927 1255 2001 magnus
1279 1901 1333 1976 illc
1349 1903 1539 1988 Gizericns,
1562 1928 1644 1978 cum

358 2029 383 2076 a
407 2019 500 2100 <apta
510 1999 706 2097 Carthagine
730 2021 780 2091 39.
805 2005 896 2072 arinis
920 1997 1073 2074 Vandalis
1098 1997 1303 2102 imperasset,
1330 1999 1530 2101 grandaeuus
1546 2007 1640 2078 obiit.
1707 2042 1709 2045 ·

473 2102 624 2192 'Gizerico
651 2092 794 2172 succelllt
824 2105 1013 2174 Honoricus
1049 2101 1143 2174 filius
1195 2106 1284 2184 Hic,
1307 2127 1408 2200 quam
1434 2121 1526 2204 pater
1562 2131 1644 2187 cum

358 2207 522 2284 Romanis
547 2204 939 2294 iunxerat,famicitiam,
975 2201 1084 2302 legatis
1108 2200 1149 2274 ad
1181 2205 1354 2277 Zenonem
1378 2208 1468 2305 hug.
1499 2201 1604 2280 ntffis
1619 2215 1646 2294 “,
1787 2211 1794 2220 ’
1867 2248 1872 2262 .
1932 2186 1936 2199 Ι

361 2303 582 2382 confirmarit.
606 2325 677 2374 non
703 2321 772 2374 tarn
796 2307 883 2400 pacis
908 2285 1039 2384 stulto,
1076 2327 1175 2401 quam
1201 2299 1293 2402 quod
1317 2302 1422 2378 statim
1451 2332 1472 2377 a
1507 2310 1647 2385 Gizcriei

326 2441 329 2447 ·
360 2410 456 2484 obitu
479 2429 530 2476 res
555 2397 780 2474 Vandaloturn
805 2403 950 2476 inclinari
974 2424 1161 2501 coeperunt.
1212 2407 1324 2478 Mauri
1348 2411 1464 2490 enim,
1489 2431 1573 2506 quos
1591 2415 1647 2486 oi·
1676 2480 1680 2484 ,

359 2509 464 2584 urici
488 2505 594 2576 metus
619 2508 844 2586 continuerat,
885 2529 926 2575 eo
958 2525 1115 2588 mortuo,
1143 2499 1366 2578 defectionem
1401 2501 1573 2591 fecemnt,
1612 2530 1646 2586 et
1713 2538 1715 2541 ·

361 2599 1157 2878 nupti
1171 2599 1371 2807 stulta
1388 2587 1647 2790 stlat

392 2830 481 2892 erat,
554 2831 577 2878 o
654 2831 750 2879 erico.
984 2857 986 2862 -

362 2832 391 2917 P
470 2909 543 3008 Qi
563 2905 636 3005 post
659 2904 752 2990 illum
777 2911 916 3006 imperio
940 2897 1078 3007 praefinit
1101 2901 1581 2991 mmdimmdufflemonis
1606 2913 1643 2988 1².

363 3029 401 3086 et
425 3034 530 3109 nepos
555 3009 717 3092 Gizetici,
742 3012 829 3082 varia
854 3033 933 3082 cum
957 3013 1082 3086 hlautis
1106 3005 1199 3108 geffit
1223 3008 1334 3091 betta,
1350 3027 1393 3081 et·
1419 3005 1561 3085 derum
1595 3009 1652 3086 de·

365 3108 459 3187 cellit
483 3127 571 3184 armo
597 3112 697 3210 regni
716 3105 916 3183 duodecimo
928 3159 945 3194 ,1
966 3104 1208 3183 Tiasamrmdo
1223 3103 1328 3182 fratre·
1344 3101 1533 3184 sicandro.-

475 3214 566 3294 Hic,
592 3229 634 3283 vt.
651 3234 793 3308 regnum
818 3215 945 3310 optime
971 3210 1148 3293 stabiliret,
1168 3235 1246 3292 cunr
1268 3207 1512 3294 Theoderico,
1538 3210 1660 3287 ostro·-

363 3311 552 3415 gothornm
577 3331 610 3384 et
640 3299 781 3385 talorum
803 3337 840 3382 re
864 3337 907 3393 e,
932 3309 1127 3384 affinitatem
1145 3307 1399 3395 iunxit',--dit<3l'a
1421 3311 1457 3382 in
1482 3316 1652 3402 matrimo-
1783 3317 1789 3327 “

364 3419 467 3492 trium¹
488 3407 599 3486 sorore
624 3414 690 3484 cius
715 3336 936 3500 Amdallidn
961 3417 1013 3484 cui
1037 3408 1135 3484 frater
1157 3411 1248 3486 mille
1274 3409 1399 3485 nobiles
1408 3415 1542 3514 Gothos
1553 3412 1659 3515 ilipa·-

366 3535 457 3589 tores
484 3509 654 3598 adiunxit,
692 3539 771 3586 curn
796 3516 964 3612 quinquies
988 3511 1078 3588 mille
1100 3517 1255 3588 viromm·
1270 3508 1507 3610 bellicosonrm
1521 3538 1652 3601 mann,

366 3633 404 3688 et
430 3609 515 3688 dotis
538 3633 702 3714 praeterea
724 3619 864 3687 nomine
886 3611 1098 3708 Lilybaeum,
1123 3612 1258 3686 Siciliae<
1273 3617 1566 3711 promuntorium,
1596 3611 1653 3686 de·

368 3711 432 3789 dit.
483 3719 548 3815 Qui
572 3710 618 3786 ad·
640 3711 675 3788 id
697 3719 857 3814 temporis
883 3711 1037 3818 Vandalis
1061 3719 1332 3810 imperauerant,
1357 3715 1450 3786 variis
1473 3709 1651 3788 saeuierant

368 3824 408 3890 in
435 3841 529 3891 verae
552 3811 630 3888 fidei
655 3815 817 3898 cultores,
844 3839 922 3886 cum
945 3811 1006 3912 ipfi
1030 3817 1142 3886 An'ani
1167 3809 1291 3896 efferat,
1314 3807 1498 3911 suppliciie‘,
1526 3834 1559 3888 et
1583 3839 1656 3887 eru.

370 3913 530 3991 delill'rme
557 3917 712 3992 omnium
749 3919 963 4003 Honoricus3
1001 3907 1250 3987 Trasamundus
1285 3937 1390 3997 vero,
1428 3935 1463 3986 vt
1499 3934 1568 3987 erat
1603 3916 1680 3992 vis.

369 4014 547 4122 prudentia
570 4014 744 4116 stngulari,
769 4013 905 4090 eosdem
928 4015 1109 4088 honoribus
1135 4013 1267 4114 aliisque
1291 4018 1442 4113 praemiis
1467 4009 1508 4085 ad
1534 4020 1666 4100 Ariana,

367 4113 553 4224 perducere
578 4115 663 4192 sacra
686 4113 813 4192 annisus
839 4116 894 4190 ett.
945 4119 1036 4201 Hic,
1069 4141 1152 4190 vnus
1175 4113 1251 4188 licet
1274 4141 1294 4186 e
1317 4109 1543 4214 potentiffisnis
1566 4122 1656 4192 Van·
1696 4163 1701 4188 r

369 4218 529 4312 dalorum
552 4219 872 4319 regibus,·maxima
899 4206 918 4288 a
941 4221 1090 4300 Mauris,
1129 4241 1229 4316 quam
1254 4211 1395 4302 Vandali
1428 4241 1474 4289 vn
1496 4243 1574 4291 uam
1615 4215 1656 4288 ab

370 4323 437 4400 ih'n
460 4339 678 4418 acceperunt,
703 4316 795 4392 clade
819 4315 1033 4408 affeblusest3
1059 4337 1178 4390 etcum
1193 4343 1239 4404 27.
1252 4319 1455 4418 annisre'gna
1482 4337 1538 4402 et,
1566 4315 1657 4391 obiit.

451 4511 452 4514 Ἴ
489 4424 555 4522 Qi
580 4446 621 4494 eo
653 4439 788 4510 mortuo
826 4421 1002 4518 imperium
1037 4411 1172 4516 suscepit
1205 4413 1383 4502 Ildericur,
1420 4412 1586 4492 Honorici
1625 4433 1659 4489 et

374 4520 546 4600 Eudociae
569 4519 675 4605 filius,
700 4521 779 4593 boni
804 4545 858 4592 ma
883 4525 908 4590 is
933 4545 1031 4619 quarn
1056 4514 1198 4593 bellicosi
1229 4523 1381 4616 principis
1420 4516 1553 4591 laudem
1588 4541 1658 4588 me·

375 4628 468 4707 ruit,
492 4626 678 4705 Hoameri,
703 4616 762 4693 suo
786 4647 827 4692 ex
902 4641 951 4693 tre
975 4625 1109 4719 nepoti,
1134 4617 1278 4692 'bellicae
1314 4623 1445 4693 virtutisi
1471 4619 1576 4716 gloria
1609 4641 1661 4690 re·

375 4725 465 4801 litte.
517 4727 570 4796 Eo
594 4741 750 4823 regnante
776 4719 914 4794 Vandali
940 4725 1093 4800 aMauris
1118 4723 1294 4813 Byzacenis
1317 4721 1395 4792 vieti
1418 4714 1490 4790 sunt
1521 4715 1659 4818 proelio.

377 4819 637 4906 Theodericus,
665 4821 1037 4922 Ostrogothorurnrex,
1063 4819 1107 4891 ob
1120 4817 1238 4893 illatam
1261 4812 1365 4890 sorori
1389 4813 1487 4902 suae,
1512 4821 1661 4916 quatnin

379 4921 529 5000 crrstodla
567 4919 742 4998 all'etuabat
777 4919 950 5013 lidericus,
986 4925 1158 5004 iniuriam,
1197 4938 1229 4992 et
1264 4919 1453 4993 Gothorum
1488 4915 1662 5001 caedem,

380 5029 560 5102 mititiam
584 5021 738 5099 Vandalis
762 5026 986 5108 rennnciauit3
1012 5015 1157 5096 Africam
1180 5041 1317 5114 ¹tamen,
1350 5013 1443 5093 dalle
1469 5017 1668 5102 destitutio,
1757 5033 1760 5040 '

380 5127 470 5204 bello
497 5144 609 5225 petere
635 5151 706 5199 non
730 5129 845 5220 potuit.
897 5127 986 5197 Cum
1011 5121 1185 5196 Iustiniano
1213 5129 1298 5224 Aug.
1323 5147 1428 5204 vero,
1465 5127 1562 5196 etiam
1598 5120 1663 5215 pri·

381 5247 464 5305 nato
487 5223 621 5313 adhuc,
643 5221 819 5306 ardiiffirno
843 5227 1000 5300 anicitiae
1024 5223 1155 5302 vneuto
1181 5223 1375 5301 eomundus
1400 5217 1465 5297 fuit
1497 5219 1664 5390 ildericpz
