<?xml version="1.0" encoding="UTF-8"?>
<!DOCTYPE html PUBLIC "-//W3C//DTD XHTML 1.0 Transitional//EN"
    "http://www.w3.org/TR/xhtml1/DTD/xhtml1-transitional.dtd">
<html xmlns="http://www.w3.org/1999/xhtml" xml:lang="en" lang="en">
 <head>
  <title>
</title>
<meta http-equiv="Content-Type" content="text/html;charset=utf-8" />
  <meta name='ocr-system' content='tesseract 3.04.00' />
  <meta name='ocr-capabilities' content='ocr_page ocr_carea ocr_par ocr_line ocrx_word'/>
</head>
<body>
  <div class='ocr_page' id='page_1' title='image "./memoriaepopulor02strigoog_0486.png"; bbox 0 0 4917 6992; ppageno 0'>
   <div class='ocr_carea' id='block_1_1' title="bbox 825 1106 1702 1211">
    <p class='ocr_par' dir='ltr' id='par_1_1' title="bbox 825 1106 1702 1211">
     <span class='ocr_line' id='line_1_1' title="bbox 825 1106 1702 1211; baseline 0.003 -28"><span class='ocrx_word' id='word_1_1' title='bbox 825 1131 895 1201; x_wconf 74' lang='lat'>440</span> <span class='ocrx_word' id='word_1_2' title='bbox 1120 1150 1132 1156; x_wconf 91' lang='lat'><em>-</em></span> <span class='ocrx_word' id='word_1_3' title='bbox 1224 1106 1702 1211; x_wconf 68' lang='lat' dir='ltr'>uenationum</span> 
     </span>
    </p>
   </div>
   <div class='ocr_carea' id='block_1_2' title="bbox 618 1212 1565 1395">
    <p class='ocr_par' dir='ltr' id='par_1_2' title="bbox 618 1212 1565 1395">
     <span class='ocr_line' id='line_1_2' title="bbox 618 1212 1193 1298; baseline -0.012 -20"><span class='ocrx_word' id='word_1_4' title='bbox 618 1212 814 1297; x_wconf 79' lang='lat' dir='ltr'>Impvart·</span> <span class='ocrx_word' id='word_1_5' title='bbox 1189 1285 1193 1298; x_wconf 82' lang='lat'><em>.</em></span> 
     </span>
     <span class='ocr_line' id='line_1_3' title="bbox 618 1304 1565 1395; baseline 0.005 -36"><span class='ocrx_word' id='word_1_6' title='bbox 618 1311 736 1360; x_wconf 74' lang='lat' dir='ltr'>urano</span> <span class='ocrx_word' id='word_1_7' title='bbox 760 1304 782 1362; x_wconf 90' lang='lat'>1.</span> <span class='ocrx_word' id='word_1_8' title='bbox 1370 1328 1398 1377; x_wconf 68' lang='lat' dir='ltr'>a,</span> <span class='ocrx_word' id='word_1_9' title='bbox 1426 1308 1465 1377; x_wconf 79' lang='lat' dir='ltr'>C,</span> <span class='ocrx_word' id='word_1_10' title='bbox 1493 1318 1565 1395; x_wconf 74' lang='lat'>543,</span> 
     </span>
    </p>
   </div>
   <div class='ocr_carea' id='block_1_3' title="bbox 706 1420 2111 3957">
    <p class='ocr_par' dir='ltr' id='par_1_3' title="bbox 825 1420 2111 1926">
     <span class='ocr_line' id='line_1_4' title="bbox 825 1420 2111 1525; baseline -0.002 -29"><span class='ocrx_word' id='word_1_11' title='bbox 825 1426 939 1519; x_wconf 82' lang='lat' dir='ltr'>runt];</span> <span class='ocrx_word' id='word_1_12' title='bbox 964 1442 995 1495; x_wconf 88' lang='lat' dir='ltr'>at</span> <span class='ocrx_word' id='word_1_13' title='bbox 1010 1422 1120 1524; x_wconf 81' lang='lat' dir='ltr'>longe</span> <span class='ocrx_word' id='word_1_14' title='bbox 1144 1420 1303 1521; x_wconf 83' lang='lat' dir='ltr'>plurimos</span> <span class='ocrx_word' id='word_1_15' title='bbox 1333 1420 1431 1494; x_wconf 82' lang='lat' dir='ltr'>litatis</span> <span class='ocrx_word' id='word_1_16' title='bbox 1456 1427 1578 1495; x_wconf 89' lang='lat' dir='ltr'>excitos</span> <span class='ocrx_word' id='word_1_17' title='bbox 1604 1425 1647 1494; x_wconf 87' lang='lat' dir='ltr'>ita</span> <span class='ocrx_word' id='word_1_18' title='bbox 1671 1442 1742 1491; x_wconf 87' lang='lat' dir='ltr'>nox</span> <span class='ocrx_word' id='word_1_19' title='bbox 1765 1438 1867 1501; x_wconf 78' lang='lat' dir='ltr'>texit,</span> <span class='ocrx_word' id='word_1_20' title='bbox 1909 1442 1944 1493; x_wconf 86' lang='lat' dir='ltr'>vt</span> <span class='ocrx_word' id='word_1_21' title='bbox 1969 1426 2111 1525; x_wconf 76' lang='lat' dir='ltr'>eggreffi</span> 
     </span>
     <span class='ocr_line' id='line_1_5' title="bbox 829 1516 2111 1622; baseline 0.002 -27"><span class='ocrx_word' id='word_1_22' title='bbox 829 1525 934 1596; x_wconf 87' lang='lat' dir='ltr'>castris</span> <span class='ocrx_word' id='word_1_23' title='bbox 960 1529 994 1594; x_wconf 91' lang='lat' dir='ltr'>in</span> <span class='ocrx_word' id='word_1_24' title='bbox 1018 1544 1170 1606; x_wconf 82' lang='lat' dir='ltr'>montes,</span> <span class='ocrx_word' id='word_1_25' title='bbox 1194 1526 1251 1620; x_wconf 88' lang='lat' dir='ltr'>qui</span> <span class='ocrx_word' id='word_1_26' title='bbox 1277 1547 1400 1622; x_wconf 87' lang='lat' dir='ltr'>magno</span> <span class='ocrx_word' id='word_1_27' title='bbox 1427 1548 1568 1594; x_wconf 86' lang='lat' dir='ltr'>numero</span> <span class='ocrx_word' id='word_1_28' title='bbox 1595 1525 1748 1619; x_wconf 83' lang='lat' dir='ltr'>proxime</span> <span class='ocrx_word' id='word_1_29' title='bbox 1771 1516 1804 1593; x_wconf 92' lang='lat' dir='ltr'>se</span> <span class='ocrx_word' id='word_1_30' title='bbox 1828 1519 1998 1610; x_wconf 71' lang='lat' dir='ltr'>attollunt,</span> <span class='ocrx_word' id='word_1_31' title='bbox 2036 1550 2111 1603; x_wconf 82' lang='lat' dir='ltr'>cur-</span> 
     </span>
     <span class='ocr_line' id='line_1_6' title="bbox 828 1616 2109 1720; baseline 0 -23"><span class='ocrx_word' id='word_1_32' title='bbox 828 1623 864 1697; x_wconf 88' lang='lat' dir='ltr'>su</span> <span class='ocrx_word' id='word_1_33' title='bbox 891 1620 1053 1698; x_wconf 86' lang='lat' dir='ltr'>euaserint.</span> <span class='ocrx_word' id='word_1_34' title='bbox 1104 1632 1143 1698; x_wconf 89' lang='lat' dir='ltr'>ln</span> <span class='ocrx_word' id='word_1_35' title='bbox 1168 1627 1217 1697; x_wconf 88' lang='lat' dir='ltr'>his</span> <span class='ocrx_word' id='word_1_36' title='bbox 1241 1616 1333 1697; x_wconf 86' lang='lat' dir='ltr'>fuere</span> <span class='ocrx_word' id='word_1_37' title='bbox 1358 1628 1517 1705; x_wconf 83' lang='lat' dir='ltr'>loannes,</span> <span class='ocrx_word' id='word_1_38' title='bbox 1546 1620 1789 1720; x_wconf 90' lang='lat' dir='ltr'>Erulorumque</span> <span class='ocrx_word' id='word_1_39' title='bbox 1816 1619 1884 1693; x_wconf 89' lang='lat' dir='ltr'>dux</span> <span class='ocrx_word' id='word_1_40' title='bbox 1910 1624 2044 1719; x_wconf 72' lang='lat' dir='ltr'>Arqfas</span> <span class='ocrx_word' id='word_1_41' title='bbox 2052 1668 2109 1705; x_wconf 82' lang='lat'>-.</span> 
     </span>
     <span class='ocr_line' id='line_1_7' title="bbox 827 1718 2108 1823; baseline 0.001 -23"><span class='ocrx_word' id='word_1_42' title='bbox 827 1732 965 1800; x_wconf 78' lang='lat' dir='ltr'>lomnes</span> <span class='ocrx_word' id='word_1_43' title='bbox 991 1746 1025 1799; x_wconf 90' lang='lat' dir='ltr'>et</span> <span class='ocrx_word' id='word_1_44' title='bbox 1047 1720 1167 1799; x_wconf 70' lang='lat' dir='ltr'>drusus</span> <span class='ocrx_word' id='word_1_45' title='bbox 1192 1722 1429 1812; x_wconf 81' lang='lat' dir='ltr'>contentissima</span> <span class='ocrx_word' id='word_1_46' title='bbox 1454 1718 1533 1823; x_wconf 84' lang='lat' dir='ltr'>fuga</span> <span class='ocrx_word' id='word_1_47' title='bbox 1561 1720 1775 1816; x_wconf 81' lang='lat' dir='ltr'>Hydruntem</span> <span class='ocrx_word' id='word_1_48' title='bbox 1800 1748 1877 1797; x_wconf 89' lang='lat' dir='ltr'>cum</span> <span class='ocrx_word' id='word_1_49' title='bbox 1904 1718 2028 1813; x_wconf 75' lang='lat' dir='ltr'>luisse</span> <span class='ocrx_word' id='word_1_50' title='bbox 2060 1756 2108 1801; x_wconf 80' lang='lat' dir='ltr'>re·</span> 
     </span>
     <span class='ocr_line' id='line_1_8' title="bbox 828 1843 2009 1926; baseline -0.006 -29"><span class='ocrx_word' id='word_1_51' title='bbox 828 1843 991 1926; x_wconf 76' lang='lat' dir='ltr'>ceperunt</span> <span class='ocrx_word' id='word_1_52' title='bbox 1848 1886 1852 1889; x_wconf 93' lang='lat'>.</span> <span class='ocrx_word' id='word_1_53' title='bbox 2001 1856 2009 1865; x_wconf 89' lang='lat'>·</span> 
     </span>
    </p>

    <p class='ocr_par' dir='ltr' id='par_1_4' title="bbox 1411 1925 2086 2035">
     <span class='ocr_line' id='line_1_9' title="bbox 1411 1925 2086 2035; baseline -0.018 -19"><span class='ocrx_word' id='word_1_54' title='bbox 1411 1925 1519 2023; x_wconf 74' lang='lat' dir='ltr'>baa·</span> <span class='ocrx_word' id='word_1_55' title='bbox 1899 1980 1902 1985; x_wconf 85' lang='lat'><em>-</em></span> <span class='ocrx_word' id='word_1_56' title='bbox 1948 1987 1957 2035; x_wconf 31' lang='grc' dir='ltr'><strong><em>Κ</em></strong></span> <span class='ocrx_word' id='word_1_57' title='bbox 2071 1982 2086 2007; x_wconf 72' lang='grc'>,,</span> 
     </span>
    </p>

    <p class='ocr_par' dir='ltr' id='par_1_5' title="bbox 822 2042 2111 2627">
     <span class='ocr_line' id='line_1_10' title="bbox 926 2042 2109 2145; baseline -0.003 -24"><span class='ocrx_word' id='word_1_58' title='bbox 926 2052 1079 2144; x_wconf 80' lang='lat' dir='ltr'>[Eooen</span> <span class='ocrx_word' id='word_1_59' title='bbox 1107 2072 1196 2121; x_wconf 86' lang='lat' dir='ltr'>anno</span> <span class='ocrx_word' id='word_1_60' title='bbox 1222 2044 1411 2123; x_wconf 73' lang='lat' dir='ltr'>ruffinianus</span> <span class='ocrx_word' id='word_1_61' title='bbox 1449 2064 1574 2145; x_wconf 86' lang='lat' dir='ltr'>praeter</span> <span class='ocrx_word' id='word_1_62' title='bbox 1606 2042 1681 2115; x_wconf 84' lang='lat' dir='ltr'>alias</span> <span class='ocrx_word' id='word_1_63' title='bbox 1701 2048 1838 2143; x_wconf 84' lang='lat' dir='ltr'>copias]</span> <span class='ocrx_word' id='word_1_64' title='bbox 1868 2049 1997 2119; x_wconf 81' lang='lat' dir='ltr'>Verum</span> <span class='ocrx_word' id='word_1_65' title='bbox 2010 2070 2109 2145; x_wconf 30' lang='lat' dir='ltr'>,cum</span> 
     </span>
     <span class='ocr_line' id='line_1_11' title="bbox 824 2142 2111 2247; baseline -0.002 -23"><span class='ocrx_word' id='word_1_66' title='bbox 824 2150 928 2224; x_wconf 85' lang='lat' dir='ltr'>Erulis</span> <span class='ocrx_word' id='word_1_67' title='bbox 952 2156 1161 2223; x_wconf 75' lang='lat' dir='ltr'>trecentis-</span> <span class='ocrx_word' id='word_1_68' title='bbox 1186 2154 1220 2219; x_wconf 91' lang='lat' dir='ltr'>in</span> <span class='ocrx_word' id='word_1_69' title='bbox 1245 2148 1368 2221; x_wconf 83' lang='lat' dir='ltr'>ltal&#39;am</span> <span class='ocrx_word' id='word_1_70' title='bbox 1401 2142 1561 2247; x_wconf 86' lang='lat' dir='ltr'>proficisci</span> <span class='ocrx_word' id='word_1_71' title='bbox 1598 2142 1692 2218; x_wconf 85' lang='lat' dir='ltr'>iuffit.</span> <span class='ocrx_word' id='word_1_72' title='bbox 1743 2152 1849 2219; x_wconf 76' lang='lat' dir='ltr'>Verus</span> <span class='ocrx_word' id='word_1_73' title='bbox 1890 2144 2111 2240; x_wconf 78' lang='lat' dir='ltr'><strong>Hydruntem</strong></span> 
     </span>
     <span class='ocr_line' id='line_1_12' title="bbox 823 2245 2109 2351; baseline 0.002 -30"><span class='ocrx_word' id='word_1_74' title='bbox 823 2257 948 2351; x_wconf 84' lang='lat' dir='ltr'>primns</span> <span class='ocrx_word' id='word_1_75' title='bbox 972 2251 1112 2351; x_wconf 78' lang='lat' dir='ltr'>appulit,</span> <span class='ocrx_word' id='word_1_76' title='bbox 1138 2253 1246 2349; x_wconf 85' lang='lat' dir='ltr'>ibique</span> <span class='ocrx_word' id='word_1_77' title='bbox 1271 2249 1386 2325; x_wconf 73' lang='lat' dir='ltr'>relidiis</span> <span class='ocrx_word' id='word_1_78' title='bbox 1410 2248 1543 2321; x_wconf 88' lang='lat' dir='ltr'>nauibus</span> <span class='ocrx_word' id='word_1_79' title='bbox 1568 2250 1605 2317; x_wconf 89' lang='lat' dir='ltr'>in</span> <span class='ocrx_word' id='word_1_80' title='bbox 1628 2245 1733 2318; x_wconf 80' lang='lat' dir='ltr'>castris</span> <span class='ocrx_word' id='word_1_81' title='bbox 1747 2252 1875 2321; x_wconf 80' lang='lat' dir='ltr'>Ioamtis</span> <span class='ocrx_word' id='word_1_82' title='bbox 1899 2273 2036 2349; x_wconf 83' lang='lat' dir='ltr'>manere</span> <span class='ocrx_word' id='word_1_83' title='bbox 2048 2276 2109 2324; x_wconf 87' lang='lat' dir='ltr'>no·</span> 
     </span>
     <span class='ocr_line' id='line_1_13' title="bbox 824 2344 2109 2450; baseline -0.004 -22"><span class='ocrx_word' id='word_1_84' title='bbox 824 2354 905 2428; x_wconf 91' lang='lat' dir='ltr'>luit:</span> <span class='ocrx_word' id='word_1_85' title='bbox 937 2372 970 2425; x_wconf 93' lang='lat' dir='ltr'>at</span> <span class='ocrx_word' id='word_1_86' title='bbox 993 2379 1071 2424; x_wconf 83' lang='lat' dir='ltr'>eum</span> <span class='ocrx_word' id='word_1_87' title='bbox 1095 2344 1156 2424; x_wconf 84' lang='lat' dir='ltr'>suit</span> <span class='ocrx_word' id='word_1_88' title='bbox 1188 2354 1333 2424; x_wconf 88' lang='lat' dir='ltr'>euitans</span> <span class='ocrx_word' id='word_1_89' title='bbox 1370 2374 1472 2449; x_wconf 89' lang='lat' dir='ltr'>porro</span> <span class='ocrx_word' id='word_1_90' title='bbox 1498 2353 1648 2447; x_wconf 86' lang='lat' dir='ltr'>perrexit.</span> <span class='ocrx_word' id='word_1_91' title='bbox 1700 2352 1778 2421; x_wconf 84' lang='lat' dir='ltr'>Erat</span> <span class='ocrx_word' id='word_1_92' title='bbox 1815 2351 1871 2423; x_wconf 87' lang='lat' dir='ltr'>hic</span> <span class='ocrx_word' id='word_1_93' title='bbox 1897 2356 1947 2435; x_wconf 73' lang='lat' dir='ltr'>vir</span> <span class='ocrx_word' id='word_1_94' title='bbox 1971 2354 2109 2450; x_wconf 82' lang='lat' dir='ltr'>ingenio</span> 
     </span>
     <span class='ocr_line' id='line_1_14' title="bbox 822 2375 2107 2553; baseline -0.002 -28"><span class='ocrx_word' id='word_1_95' title='bbox 822 2452 888 2525; x_wconf 86' lang='lat' dir='ltr'>leni</span> <span class='ocrx_word' id='word_1_96' title='bbox 901 2447 916 2542; x_wconf 89' lang='lat'>‚&#39;</span> <span class='ocrx_word' id='word_1_97' title='bbox 939 2460 1083 2525; x_wconf 82' lang='lat' dir='ltr'>maxime</span> <span class='ocrx_word' id='word_1_98' title='bbox 1116 2375 1286 2535; x_wconf 78' lang='lat' dir='ltr'>ebriolus,</span> <span class='ocrx_word' id='word_1_99' title='bbox 1324 2470 1356 2524; x_wconf 81' lang='lat' dir='ltr'>at</span> <span class='ocrx_word' id='word_1_100' title='bbox 1382 2476 1420 2522; x_wconf 88' lang='lat' dir='ltr'>ea</span> <span class='ocrx_word' id='word_1_101' title='bbox 1454 2477 1493 2525; x_wconf 84' lang='lat' dir='ltr'>re</span> <span class='ocrx_word' id='word_1_102' title='bbox 1516 2444 1645 2553; x_wconf 84' lang='lat' dir='ltr'>semper</span> <span class='ocrx_word' id='word_1_103' title='bbox 1683 2447 1800 2551; x_wconf 81' lang='lat' dir='ltr'>plenus</span> <span class='ocrx_word' id='word_1_104' title='bbox 1831 2447 2107 2533; x_wconf 72' lang='lat' dir='ltr'>incordtdoratilii-</span> 
     </span>
     <span class='ocr_line' id='line_1_15' title="bbox 824 2556 1777 2627; baseline -0.005 -2"><span class='ocrx_word' id='word_1_105' title='bbox 824 2580 898 2625; x_wconf 88' lang='lat' dir='ltr'>mae</span> <span class='ocrx_word' id='word_1_106' title='bbox 923 2556 1117 2627; x_wconf 84' lang='lat' dir='ltr'>temeritatis.</span> <span class='ocrx_word' id='word_1_107' title='bbox 1772 2596 1777 2606; x_wconf 87' lang='lat'><em>·</em></span> 
     </span>
    </p>

    <p class='ocr_par' dir='ltr' id='par_1_6' title="bbox 822 2644 2111 3151">
     <span class='ocr_line' id='line_1_16' title="bbox 932 2644 2107 2752; baseline 0.002 -26"><span class='ocrx_word' id='word_1_108' title='bbox 932 2658 1021 2727; x_wconf 91' lang='lat' dir='ltr'>Cum</span> <span class='ocrx_word' id='word_1_109' title='bbox 1045 2656 1198 2752; x_wconf 81' lang='lat' dir='ltr'>proxime</span> <span class='ocrx_word' id='word_1_110' title='bbox 1223 2650 1337 2727; x_wconf 90' lang='lat' dir='ltr'>vrbem</span> <span class='ocrx_word' id='word_1_111' title='bbox 1362 2647 1581 2725; x_wconf 85' lang='lat' dir='ltr'>Btundusrum</span> <span class='ocrx_word' id='word_1_112' title='bbox 1607 2644 1706 2723; x_wconf 82' lang='lat' dir='ltr'>castra</span> <span class='ocrx_word' id='word_1_113' title='bbox 1730 2644 1894 2735; x_wconf 71' lang='lat' dir='ltr'>fixissent,</span> <span class='ocrx_word' id='word_1_114' title='bbox 1922 2654 1985 2725; x_wconf 82' lang='lat' dir='ltr'>ltac</span> <span class='ocrx_word' id='word_1_115' title='bbox 2011 2652 2107 2728; x_wconf 82' lang='lat' dir='ltr'>dere</span> 
     </span>
     <span class='ocr_line' id='line_1_17' title="bbox 823 2748 2110 2851; baseline 0.005 -29"><span class='ocrx_word' id='word_1_116' title='bbox 823 2757 942 2825; x_wconf 87' lang='lat' dir='ltr'>certior</span> <span class='ocrx_word' id='word_1_117' title='bbox 966 2750 1069 2827; x_wconf 63' lang='lat' dir='ltr'>sallus</span> <span class='ocrx_word' id='word_1_118' title='bbox 1095 2752 1250 2836; x_wconf 85' lang='lat' dir='ltr'>Totilas,</span> <span class='ocrx_word' id='word_1_119' title='bbox 1275 2758 1432 2836; x_wconf 90' lang='lat' dir='ltr'>Horum,</span> <span class='ocrx_word' id='word_1_120' title='bbox 1468 2756 1598 2851; x_wconf 87' lang='lat' dir='ltr'>inquit,</span> <span class='ocrx_word' id='word_1_121' title='bbox 1623 2750 1724 2825; x_wconf 81' lang='lat' dir='ltr'>altero</span> <span class='ocrx_word' id='word_1_122' title='bbox 1750 2748 1912 2849; x_wconf 76' lang='lat' dir='ltr'>praeditus</span> <span class='ocrx_word' id='word_1_123' title='bbox 1935 2752 1975 2827; x_wconf 89' lang='lat' dir='ltr'>lit</span> <span class='ocrx_word' id='word_1_124' title='bbox 2001 2760 2110 2829; x_wconf 79' lang='lat' dir='ltr'>Vens</span> 
     </span>
     <span class='ocr_line' id='line_1_18' title="bbox 823 2848 2111 2957; baseline 0.002 -33"><span class='ocrx_word' id='word_1_125' title='bbox 823 2850 948 2925; x_wconf 81' lang='lat' dir='ltr'>rtecell&#39;e</span> <span class='ocrx_word' id='word_1_126' title='bbox 973 2854 1045 2942; x_wconf 79' lang='lat' dir='ltr'>est3</span> <span class='ocrx_word' id='word_1_127' title='bbox 1071 2852 1123 2927; x_wconf 83' lang='lat' dir='ltr'>vel</span> <span class='ocrx_word' id='word_1_128' title='bbox 1147 2858 1276 2953; x_wconf 85' lang='lat' dir='ltr'>magnis</span> <span class='ocrx_word' id='word_1_129' title='bbox 1304 2854 1443 2936; x_wconf 89' lang='lat' dir='ltr'>viribus,</span> <span class='ocrx_word' id='word_1_130' title='bbox 1478 2852 1532 2927; x_wconf 86' lang='lat' dir='ltr'>vel</span> <span class='ocrx_word' id='word_1_131' title='bbox 1555 2856 1696 2925; x_wconf 82' lang='lat' dir='ltr'>amentia</span> <span class='ocrx_word' id='word_1_132' title='bbox 1721 2848 1882 2951; x_wconf 88' lang='lat' dir='ltr'>smgulari.</span> <span class='ocrx_word' id='word_1_133' title='bbox 1929 2858 2023 2929; x_wconf 84' lang='lat' dir='ltr'>Eum</span> <span class='ocrx_word' id='word_1_134' title='bbox 2048 2862 2111 2957; x_wconf 81' lang='lat' dir='ltr'>igi·</span> 
     </span>
     <span class='ocr_line' id='line_1_19' title="bbox 822 2948 2110 3051; baseline 0.002 -26"><span class='ocrx_word' id='word_1_135' title='bbox 822 2972 875 3025; x_wconf 89' lang='lat' dir='ltr'>tur</span> <span class='ocrx_word' id='word_1_136' title='bbox 900 2956 1046 3047; x_wconf 65' lang='lat' dir='ltr'>adiutum</span> <span class='ocrx_word' id='word_1_137' title='bbox 1071 2970 1240 3051; x_wconf 86' lang='lat' dir='ltr'>petamus:</span> <span class='ocrx_word' id='word_1_138' title='bbox 1279 2972 1314 3027; x_wconf 87' lang='lat' dir='ltr'>vt</span> <span class='ocrx_word' id='word_1_139' title='bbox 1357 2952 1409 3026; x_wconf 88' lang='lat' dir='ltr'>vel</span> <span class='ocrx_word' id='word_1_140' title='bbox 1452 2958 1570 3025; x_wconf 88' lang='lat' dir='ltr'>virium</span> <span class='ocrx_word' id='word_1_141' title='bbox 1613 2958 1678 3024; x_wconf 88' lang='lat' dir='ltr'>eius</span> <span class='ocrx_word' id='word_1_142' title='bbox 1709 2948 1862 3025; x_wconf 85' lang='lat' dir='ltr'>faciamus</span> <span class='ocrx_word' id='word_1_143' title='bbox 1894 2954 2110 3051; x_wconf 66' lang='lat' dir='ltr'>pericnlum</span> 
     </span>
     <span class='ocr_line' id='line_1_20' title="bbox 822 3047 2108 3151; baseline -0.001 -23"><span class='ocrx_word' id='word_1_144' title='bbox 822 3053 875 3128; x_wconf 84' lang='lat' dir='ltr'>vel</span> <span class='ocrx_word' id='word_1_145' title='bbox 901 3049 1168 3151; x_wconf 72' lang='lat' dir='ltr'>amentiamipse</span> <span class='ocrx_word' id='word_1_146' title='bbox 1193 3050 1284 3125; x_wconf 84' lang='lat' dir='ltr'>suant</span> <span class='ocrx_word' id='word_1_147' title='bbox 1310 3047 1469 3151; x_wconf 87' lang='lat' dir='ltr'>agnoscat.</span> <span class='ocrx_word' id='word_1_148' title='bbox 1523 3058 1576 3127; x_wconf 89' lang='lat' dir='ltr'>Sic</span> <span class='ocrx_word' id='word_1_149' title='bbox 1595 3050 1682 3138; x_wconf 43' lang='lat' dir='ltr'>,fatus</span> <span class='ocrx_word' id='word_1_150' title='bbox 1709 3053 1864 3135; x_wconf 86' lang='lat' dir='ltr'>Totilas,</span> <span class='ocrx_word' id='word_1_151' title='bbox 1888 3053 2005 3127; x_wconf 83' lang='lat' dir='ltr'>validas</span> <span class='ocrx_word' id='word_1_152' title='bbox 2025 3082 2108 3129; x_wconf 90' lang='lat' dir='ltr'>con·</span> 
     </span>
    </p>

    <p class='ocr_par' dir='ltr' id='par_1_7' title="bbox 799 3150 2106 3756">
     <span class='ocr_line' id='line_1_21' title="bbox 799 3150 2106 3253; baseline 0.003 -28"><span class='ocrx_word' id='word_1_153' title='bbox 799 3172 872 3225; x_wconf 85' lang='lat' dir='ltr'>·tra</span> <span class='ocrx_word' id='word_1_154' title='bbox 897 3154 988 3227; x_wconf 87' lang='lat' dir='ltr'>illurn</span> <span class='ocrx_word' id='word_1_155' title='bbox 1015 3159 1123 3253; x_wconf 86' lang='lat' dir='ltr'>copias</span> <span class='ocrx_word' id='word_1_156' title='bbox 1150 3150 1265 3225; x_wconf 87' lang='lat' dir='ltr'>ducit:</span> <span class='ocrx_word' id='word_1_157' title='bbox 1293 3179 1370 3252; x_wconf 85' lang='lat' dir='ltr'>quas</span> <span class='ocrx_word' id='word_1_158' title='bbox 1395 3157 1519 3225; x_wconf 89' lang='lat' dir='ltr'>vt-iam</span> <span class='ocrx_word' id='word_1_159' title='bbox 1547 3150 1652 3224; x_wconf 82' lang='lat' dir='ltr'>adesse</span> <span class='ocrx_word' id='word_1_160' title='bbox 1678 3150 1828 3225; x_wconf 87' lang='lat' dir='ltr'>viderunt</span> <span class='ocrx_word' id='word_1_161' title='bbox 1853 3154 1961 3238; x_wconf 85' lang='lat' dir='ltr'>Enrli,</span> <span class='ocrx_word' id='word_1_162' title='bbox 1989 3163 2023 3227; x_wconf 91' lang='lat' dir='ltr'>in</span> <span class='ocrx_word' id='word_1_163' title='bbox 2051 3184 2106 3229; x_wconf 88' lang='lat' dir='ltr'>ne·</span> 
     </span>
     <span class='ocr_line' id='line_1_22' title="bbox 823 3248 2105 3353; baseline 0.003 -28"><span class='ocrx_word' id='word_1_164' title='bbox 823 3281 898 3325; x_wconf 87' lang='lat' dir='ltr'>mus</span> <span class='ocrx_word' id='word_1_165' title='bbox 924 3261 1070 3328; x_wconf 89' lang='lat' dir='ltr'>vicinum</span> <span class='ocrx_word' id='word_1_166' title='bbox 1096 3250 1336 3353; x_wconf 86' lang='lat' dir='ltr'>confugertmt..</span> <span class='ocrx_word' id='word_1_167' title='bbox 1380 3256 1494 3326; x_wconf 88' lang='lat' dir='ltr'>Gotthi</span> <span class='ocrx_word' id='word_1_168' title='bbox 1519 3248 1603 3325; x_wconf 74' lang='lat' dir='ltr'>fadla</span> <span class='ocrx_word' id='word_1_169' title='bbox 1629 3249 1801 3350; x_wconf 82' lang='lat' dir='ltr'>indagine,</span> <span class='ocrx_word' id='word_1_170' title='bbox 1827 3254 1965 3352; x_wconf 85' lang='lat' dir='ltr'>arnplius</span> <span class='ocrx_word' id='word_1_171' title='bbox 1986 3254 2105 3330; x_wconf 86' lang='lat' dir='ltr'>ducen-</span> 
     </span>
     <span class='ocr_line' id='line_1_23' title="bbox 825 3348 2104 3453; baseline 0.002 -28"><span class='ocrx_word' id='word_1_172' title='bbox 825 3372 876 3425; x_wconf 88' lang='lat' dir='ltr'>tos</span> <span class='ocrx_word' id='word_1_173' title='bbox 903 3354 1136 3427; x_wconf 87' lang='lat' dir='ltr'>conciderunt:</span> <span class='ocrx_word' id='word_1_174' title='bbox 1161 3359 1292 3453; x_wconf 89' lang='lat' dir='ltr'>iamque</span> <span class='ocrx_word' id='word_1_175' title='bbox 1319 3357 1328 3423; x_wconf 93' lang='lat' dir='ltr'>i</span> <span class='ocrx_word' id='word_1_176' title='bbox 1353 3348 1424 3423; x_wconf 89' lang='lat' dir='ltr'>sum</span> <span class='ocrx_word' id='word_1_177' title='bbox 1450 3360 1577 3426; x_wconf 84' lang='lat' dir='ltr'>Verum</span> <span class='ocrx_word' id='word_1_178' title='bbox 1603 3380 1640 3425; x_wconf 88' lang='lat' dir='ltr'>ac</span> <span class='ocrx_word' id='word_1_179' title='bbox 1665 3353 1805 3451; x_wconf 88' lang='lat' dir='ltr'>reliquos</span> <span class='ocrx_word' id='word_1_180' title='bbox 1829 3360 1865 3425; x_wconf 89' lang='lat' dir='ltr'>in</span> <span class='ocrx_word' id='word_1_181' title='bbox 1890 3352 2029 3429; x_wconf 84' lang='lat' dir='ltr'>lentibus</span> <span class='ocrx_word' id='word_1_182' title='bbox 2052 3360 2104 3427; x_wconf 88' lang='lat' dir='ltr'>ab·</span> 
     </span>
     <span class='ocr_line' id='line_1_24' title="bbox 825 3380 2105 3556; baseline 0.003 -32"><span class='ocrx_word' id='word_1_183' title='bbox 825 3453 910 3529; x_wconf 87' lang='lat' dir='ltr'>ditos</span> <span class='ocrx_word' id='word_1_184' title='bbox 936 3461 1057 3556; x_wconf 91' lang='lat' dir='ltr'>capturi</span> <span class='ocrx_word' id='word_1_185' title='bbox 1083 3473 1194 3539; x_wconf 89' lang='lat' dir='ltr'>erant,</span> <span class='ocrx_word' id='word_1_186' title='bbox 1223 3480 1300 3525; x_wconf 89' lang='lat' dir='ltr'>cnm</span> <span class='ocrx_word' id='word_1_187' title='bbox 1327 3380 1457 3527; x_wconf 74' lang='lat' dir='ltr'>latorem</span> <span class='ocrx_word' id='word_1_188' title='bbox 1484 3452 1541 3525; x_wconf 90' lang='lat' dir='ltr'>illis</span> <span class='ocrx_word' id='word_1_189' title='bbox 1568 3450 1654 3525; x_wconf 78' lang='lat' dir='ltr'>c&#39;asus</span> <span class='ocrx_word' id='word_1_190' title='bbox 1678 3458 1862 3552; x_wconf 82' lang='lat' dir='ltr'>inopinatus</span> <span class='ocrx_word' id='word_1_191' title='bbox 1889 3458 2000 3529; x_wconf 87' lang='lat' dir='ltr'>attulit.</span> <span class='ocrx_word' id='word_1_192' title='bbox 2029 3460 2105 3528; x_wconf 80' lang='lat' dir='ltr'>ne-</span> 
     </span>
     <span class='ocr_line' id='line_1_25' title="bbox 820 3551 2105 3655; baseline 0.002 -28"><span class='ocrx_word' id='word_1_193' title='bbox 820 3578 921 3653; x_wconf 86' lang='lat' dir='ltr'>pente</span> <span class='ocrx_word' id='word_1_194' title='bbox 946 3562 1036 3631; x_wconf 83' lang='lat' dir='ltr'>enim</span> <span class='ocrx_word' id='word_1_195' title='bbox 1060 3580 1180 3638; x_wconf 87' lang='lat' dir='ltr'>naues,</span> <span class='ocrx_word' id='word_1_196' title='bbox 1207 3554 1321 3655; x_wconf 88' lang='lat' dir='ltr'>quibus</span> <span class='ocrx_word' id='word_1_197' title='bbox 1344 3558 1481 3627; x_wconf 84' lang='lat' dir='ltr'>Varazes</span> <span class='ocrx_word' id='word_1_198' title='bbox 1506 3573 1538 3626; x_wconf 92' lang='lat' dir='ltr'>et</span> <span class='ocrx_word' id='word_1_199' title='bbox 1587 3559 1620 3626; x_wconf 92' lang='lat' dir='ltr'>ui</span> <span class='ocrx_word' id='word_1_200' title='bbox 1648 3580 1725 3627; x_wconf 88' lang='lat' dir='ltr'>cum</span> <span class='ocrx_word' id='word_1_201' title='bbox 1751 3551 1821 3651; x_wconf 88' lang='lat' dir='ltr'>ipso</span> <span class='ocrx_word' id='word_1_202' title='bbox 1846 3578 1938 3631; x_wconf 89' lang='lat' dir='ltr'>erant</span> <span class='ocrx_word' id='word_1_203' title='bbox 1957 3564 2105 3631; x_wconf 85' lang='lat' dir='ltr'>Annenii</span> 
     </span>
     <span class='ocr_line' id='line_1_26' title="bbox 820 3580 2105 3756; baseline 0.001 -27"><span class='ocrx_word' id='word_1_204' title='bbox 820 3658 1047 3738; x_wconf 70' lang='lat' dir='ltr'>vehebantur,</span> <span class='ocrx_word' id='word_1_205' title='bbox 1074 3652 1114 3726; x_wconf 92' lang='lat' dir='ltr'>ad</span> <span class='ocrx_word' id='word_1_206' title='bbox 1139 3654 1225 3729; x_wconf 90' lang='lat' dir='ltr'>littus</span> <span class='ocrx_word' id='word_1_207' title='bbox 1250 3661 1442 3756; x_wconf 86' lang='lat' dir='ltr'>proximum</span> <span class='ocrx_word' id='word_1_208' title='bbox 1469 3580 1708 3755; x_wconf 74' lang='lat' dir='ltr'>appulltesunt.</span> <span class='ocrx_word' id='word_1_209' title='bbox 1781 3658 1972 3742; x_wconf 85' lang='lat' dir='ltr'>uoTotilas</span> <span class='ocrx_word' id='word_1_210' title='bbox 1986 3654 2105 3733; x_wconf 85' lang='lat' dir='ltr'>viso-</span> 
     </span>
    </p>

    <p class='ocr_par' dir='ltr' id='par_1_8' title="bbox 706 3752 2104 3957">
     <span class='ocr_line' id='line_1_27' title="bbox 706 3752 2104 3857; baseline 0.002 -29"><span class='ocrx_word' id='word_1_211' title='bbox 706 3795 711 3807; x_wconf 83' lang='lat'>,</span> <span class='ocrx_word' id='word_1_212' title='bbox 822 3752 972 3831; x_wconf 85' lang='lat' dir='ltr'>abscessit.</span> <span class='ocrx_word' id='word_1_213' title='bbox 1023 3758 1122 3830; x_wconf 89' lang='lat' dir='ltr'>Tum</span> <span class='ocrx_word' id='word_1_214' title='bbox 1148 3763 1204 3857; x_wconf 87' lang='lat' dir='ltr'>qni</span> <span class='ocrx_word' id='word_1_215' title='bbox 1218 3763 1309 3831; x_wconf 92' lang='lat' dir='ltr'>Vero</span> <span class='ocrx_word' id='word_1_216' title='bbox 1334 3753 1519 3856; x_wconf 87' lang='lat' dir='ltr'>supererant</span> <span class='ocrx_word' id='word_1_217' title='bbox 1542 3760 1577 3827; x_wconf 86' lang='lat' dir='ltr'>in</span> <span class='ocrx_word' id='word_1_218' title='bbox 1590 3781 1688 3829; x_wconf 84' lang='lat' dir='ltr'>naues</span> <span class='ocrx_word' id='word_1_219' title='bbox 1714 3780 1755 3829; x_wconf 90' lang='lat' dir='ltr'>cu</span> <span class='ocrx_word' id='word_1_220' title='bbox 1785 3786 1806 3831; x_wconf 95' lang='lat' dir='ltr'>u</span> <span class='ocrx_word' id='word_1_221' title='bbox 1829 3758 1964 3835; x_wconf 85' lang='lat' dir='ltr'>libenter</span> <span class='ocrx_word' id='word_1_222' title='bbox 1978 3758 2011 3835; x_wconf 84' lang='lat' dir='ltr'>se</span> <span class='ocrx_word' id='word_1_223' title='bbox 2026 3777 2104 3833; x_wconf 88' lang='lat' dir='ltr'>con-</span> 
     </span>
     <span class='ocr_line' id='line_1_28' title="bbox 757 3856 1743 3957; baseline -0.002 -26"><span class='ocrx_word' id='word_1_224' title='bbox 757 3877 762 3883; x_wconf 71' lang='lat'><strong>·</strong></span> <span class='ocrx_word' id='word_1_225' title='bbox 819 3859 1027 3934; x_wconf 76' lang='lat' dir='ltr'>iecentnu—</span> <span class='ocrx_word' id='word_1_226' title='bbox 1042 3862 1316 3933; x_wconf 84' lang='lat' dir='ltr'>Varazes-cum</span> <span class='ocrx_word' id='word_1_227' title='bbox 1348 3856 1407 3935; x_wconf 87' lang='lat' dir='ltr'>illis</span> <span class='ocrx_word' id='word_1_228' title='bbox 1432 3862 1619 3933; x_wconf 86' lang='lat' dir='ltr'>Tarentum</span> <span class='ocrx_word' id='word_1_229' title='bbox 1644 3860 1743 3957; x_wconf 90' lang='lat' dir='ltr'>petiit.</span> 
     </span>
    </p>
   </div>
   <div class='ocr_carea' id='block_1_4' title="bbox 601 4024 2105 4735">
    <p class='ocr_par' dir='ltr' id='par_1_9' title="bbox 601 4024 1558 4245">
     <span class='ocr_line' id='line_1_29' title="bbox 601 4024 1554 4123; baseline 0 0"><span class='ocrx_word' id='word_1_230' title='bbox 601 4051 799 4123; x_wconf 62' lang='lat' dir='ltr'>eune</span> <span class='ocrx_word' id='word_1_231' title='bbox 1392 4024 1554 4122; x_wconf 66' lang='lat' dir='ltr'>tn„</span> 
     </span>
     <span class='ocr_line' id='line_1_30' title="bbox 1363 4160 1558 4245; baseline 0 -2"><span class='ocrx_word' id='word_1_232' title='bbox 1363 4180 1390 4226; x_wconf 74' lang='lat' dir='ltr'>a·</span> <span class='ocrx_word' id='word_1_233' title='bbox 1418 4160 1457 4228; x_wconf 83' lang='lat' dir='ltr'>C·</span> <span class='ocrx_word' id='word_1_234' title='bbox 1484 4174 1558 4245; x_wconf 78' lang='lat'>549·</span> 
     </span>
    </p>

    <p class='ocr_par' dir='ltr' id='par_1_10' title="bbox 728 4245 2105 4657">
     <span class='ocr_line' id='line_1_31' title="bbox 728 4245 2105 4353; baseline 0.004 -31"><span class='ocrx_word' id='word_1_235' title='bbox 728 4268 779 4335; x_wconf 79' lang='lat'>33.</span> <span class='ocrx_word' id='word_1_236' title='bbox 927 4245 1051 4325; x_wconf 69' lang='lat' dir='ltr'>Anas</span> <span class='ocrx_word' id='word_1_237' title='bbox 1056 4247 1067 4315; x_wconf 83' lang='lat' dir='ltr'>l</span> <span class='ocrx_word' id='word_1_238' title='bbox 1097 4249 1257 4353; x_wconf 79' lang='lat' dir='ltr'>quaedam</span> <span class='ocrx_word' id='word_1_239' title='bbox 1285 4256 1404 4327; x_wconf 84' lang='lat' dir='ltr'>Daciae</span> <span class='ocrx_word' id='word_1_240' title='bbox 1431 4254 1504 4328; x_wconf 83' lang='lat' dir='ltr'>loca</span> <span class='ocrx_word' id='word_1_241' title='bbox 1536 4250 1640 4325; x_wconf 88' lang='lat' dir='ltr'>Erulis</span> <span class='ocrx_word' id='word_1_242' title='bbox 1672 4258 1849 4353; x_wconf 85' lang='lat' dir='ltr'>imperator</span> <span class='ocrx_word' id='word_1_243' title='bbox 1888 4252 2028 4327; x_wconf 81' lang='lat' dir='ltr'>attribuit</span> <span class='ocrx_word' id='word_1_244' title='bbox 2061 4252 2105 4328; x_wconf 87' lang='lat' dir='ltr'>ad</span> 
     </span>
     <span class='ocr_line' id='line_1_32' title="bbox 824 4348 2103 4453; baseline 0.003 -30"><span class='ocrx_word' id='word_1_245' title='bbox 824 4348 1122 4450; x_wconf 70' lang='lat' dir='ltr'>Singedonemssl3</span> <span class='ocrx_word' id='word_1_246' title='bbox 1148 4356 1201 4427; x_wconf 90' lang='lat' dir='ltr'>vbi</span> <span class='ocrx_word' id='word_1_247' title='bbox 1226 4382 1315 4427; x_wconf 83' lang='lat' dir='ltr'>nunc</span> <span class='ocrx_word' id='word_1_248' title='bbox 1341 4357 1506 4437; x_wconf 87' lang='lat' dir='ltr'>habitant,</span> <span class='ocrx_word' id='word_1_249' title='bbox 1536 4352 1703 4445; x_wconf 85' lang='lat' dir='ltr'>Illyricum</span> <span class='ocrx_word' id='word_1_250' title='bbox 1717 4358 1960 4453; x_wconf 74' lang='lat' dir='ltr'>Tlnuciamque</span> <span class='ocrx_word' id='word_1_251' title='bbox 1988 4358 2103 4427; x_wconf 78' lang='lat' dir='ltr'>crebris</span> 
     </span>
     <span class='ocr_line' id='line_1_33' title="bbox 817 4450 2104 4551; baseline 0.004 -28"><span class='ocrx_word' id='word_1_252' title='bbox 817 4450 1013 4550; x_wconf 83' lang='lat' dir='ltr'>populantes</span> <span class='ocrx_word' id='word_1_253' title='bbox 1043 4452 1287 4528; x_wconf 69' lang='lat' dir='ltr'>incursionibus.</span> <span class='ocrx_word' id='word_1_254' title='bbox 1340 4461 1392 4531; x_wconf 86' lang='lat' dir='ltr'>Ex</span> <span class='ocrx_word' id='word_1_255' title='bbox 1416 4459 1465 4529; x_wconf 89' lang='lat' dir='ltr'>his</span> <span class='ocrx_word' id='word_1_256' title='bbox 1490 4452 1612 4551; x_wconf 79' lang='lat' dir='ltr'>aliquot</span> <span class='ocrx_word' id='word_1_257' title='bbox 1636 4456 1806 4529; x_wconf 82' lang='lat' dir='ltr'>Romanae</span> <span class='ocrx_word' id='word_1_258' title='bbox 1837 4456 1968 4527; x_wconf 83' lang='lat' dir='ltr'>militiae</span> <span class='ocrx_word' id='word_1_259' title='bbox 2006 4453 2104 4528; x_wconf 84' lang='lat' dir='ltr'>dede·</span> 
     </span>
     <span class='ocr_line' id='line_1_34' title="bbox 814 4553 2101 4657; baseline 0.004 -32"><span class='ocrx_word' id='word_1_260' title='bbox 814 4574 890 4626; x_wconf 88' lang='lat' dir='ltr'>runt</span> <span class='ocrx_word' id='word_1_261' title='bbox 916 4559 1081 4635; x_wconf 85' lang='lat' dir='ltr'>nomina,</span> <span class='ocrx_word' id='word_1_262' title='bbox 1105 4558 1384 4645; x_wconf 69' lang='lat' dir='ltr'>Foederatorum,</span> <span class='ocrx_word' id='word_1_263' title='bbox 1409 4576 1445 4631; x_wconf 87' lang='lat' dir='ltr'>vt</span> <span class='ocrx_word' id='word_1_264' title='bbox 1471 4571 1612 4639; x_wconf 84' lang='lat' dir='ltr'>vocant,</span> <span class='ocrx_word' id='word_1_265' title='bbox 1651 4553 1774 4657; x_wconf 86' lang='lat' dir='ltr'>ascripti</span> <span class='ocrx_word' id='word_1_266' title='bbox 1805 4582 1955 4629; x_wconf 88' lang='lat' dir='ltr'>numero.</span> <span class='ocrx_word' id='word_1_267' title='bbox 1991 4560 2101 4630; x_wconf 76' lang='lat' dir='ltr'>&#39;Cum</span> 
     </span>
    </p>

    <p class='ocr_par' dir='ltr' id='par_1_11' title="bbox 1991 4682 2099 4735">
     <span class='ocr_line' id='line_1_35' title="bbox 1991 4682 2099 4735; baseline 0.009 -4"><span class='ocrx_word' id='word_1_268' title='bbox 1991 4682 2099 4735; x_wconf 85' lang='lat' dir='ltr'>antem</span> 
     </span>
    </p>
   </div>
   <div class='ocr_carea' id='block_1_5' title="bbox 822 4819 2099 5251">
    <p class='ocr_par' dir='ltr' id='par_1_12' title="bbox 822 4819 2099 5251">
     <span class='ocr_line' id='line_1_36' title="bbox 878 4819 2099 4909; baseline 0.007 -28"><span class='ocrx_word' id='word_1_269' title='bbox 878 4835 919 4889; x_wconf 80' lang='lat'>32.</span> <span class='ocrx_word' id='word_1_270' title='bbox 944 4819 977 4882; x_wconf 89' lang='lat' dir='ltr'>Id</span> <span class='ocrx_word' id='word_1_271' title='bbox 1005 4820 1078 4885; x_wconf 85' lang='lat' dir='ltr'>ibid.</span> <span class='ocrx_word' id='word_1_272' title='bbox 1103 4843 1128 4885; x_wconf 84' lang='lat' dir='ltr'>t.</span> <span class='ocrx_word' id='word_1_273' title='bbox 1153 4842 1198 4903; x_wconf 82' lang='lat'>27.</span> <span class='ocrx_word' id='word_1_274' title='bbox 1224 4844 1253 4907; x_wconf 88' lang='lat' dir='ltr'>p.</span> <span class='ocrx_word' id='word_1_275' title='bbox 1274 4846 1334 4901; x_wconf 81' lang='lat'><em>529.</em></span> <span class='ocrx_word' id='word_1_276' title='bbox 1496 4826 1646 4886; x_wconf 83' lang='lat' dir='ltr'>tinuerant</span> <span class='ocrx_word' id='word_1_277' title='bbox 1670 4822 1828 4906; x_wconf 83' lang='lat' dir='ltr'>Gepaedes.</span> <span class='ocrx_word' id='word_1_278' title='bbox 1860 4828 1935 4889; x_wconf 84' lang='lat' dir='ltr'>Vide</span> <span class='ocrx_word' id='word_1_279' title='bbox 1969 4822 2099 4909; x_wconf 77' lang='lat' dir='ltr'>Gepoed.</span> 
     </span>
     <span class='ocr_line' id='line_1_37' title="bbox 874 4908 1579 4993; baseline 0.001 -26"><span class='ocrx_word' id='word_1_280' title='bbox 874 4922 913 4974; x_wconf 81' lang='lat'>3³·</span> <span class='ocrx_word' id='word_1_281' title='bbox 937 4908 1085 4972; x_wconf 81' lang='lat' dir='ltr'>Puocor.</span> <span class='ocrx_word' id='word_1_282' title='bbox 1122 4908 1158 4971; x_wconf 81' lang='lat' dir='ltr'>de</span> <span class='ocrx_word' id='word_1_283' title='bbox 1181 4914 1212 4974; x_wconf 86' lang='lat' dir='ltr'>B·</span> <span class='ocrx_word' id='word_1_284' title='bbox 1235 4915 1270 4974; x_wconf 83' lang='lat' dir='ltr'>G.</span> <span class='ocrx_word' id='word_1_285' title='bbox 1294 4916 1325 4975; x_wconf 92' lang='lat' dir='ltr'>L.</span> <span class='ocrx_word' id='word_1_286' title='bbox 1346 4912 1395 4975; x_wconf 89' lang='lat'>111.</span> <span class='ocrx_word' id='word_1_287' title='bbox 1417 4932 1441 4974; x_wconf 86' lang='lat' dir='ltr'>e.</span> <span class='ocrx_word' id='word_1_288' title='bbox 1492 4908 1527 4993; x_wconf 53' lang='grc' dir='ltr'>μ.</span> <span class='ocrx_word' id='word_1_289' title='bbox 1548 4920 1579 4982; x_wconf 75' lang='lat'>3.</span> 
     </span>
     <span class='ocr_line' id='line_1_38' title="bbox 822 4990 2098 5078; baseline -0.005 -22"><span class='ocrx_word' id='word_1_290' title='bbox 822 4996 870 5056; x_wconf 63' lang='lat'>33·</span> <span class='ocrx_word' id='word_1_291' title='bbox 896 5010 925 5072; x_wconf 84' lang='lat' dir='ltr'>p.</span> <span class='ocrx_word' id='word_1_292' title='bbox 952 5010 1011 5067; x_wconf 84' lang='lat'>543.</span> <span class='ocrx_word' id='word_1_293' title='bbox 1506 5024 1508 5027; x_wconf 95' lang='lat'>·</span> <span class='ocrx_word' id='word_1_294' title='bbox 1536 4996 1586 5073; x_wconf 88' lang='lat' dir='ltr'>g)</span> <span class='ocrx_word' id='word_1_295' title='bbox 1613 4993 1707 5053; x_wconf 83' lang='lat' dir='ltr'>Huius</span> <span class='ocrx_word' id='word_1_296' title='bbox 1731 4995 1774 5053; x_wconf 86' lang='lat' dir='ltr'>rei</span> <span class='ocrx_word' id='word_1_297' title='bbox 1802 4998 1887 5057; x_wconf 80' lang='lat' dir='ltr'>etiam</span> <span class='ocrx_word' id='word_1_298' title='bbox 1911 4990 2002 5078; x_wconf 83' lang='lat' dir='ltr'>paulo</span> <span class='ocrx_word' id='word_1_299' title='bbox 2025 4990 2098 5051; x_wconf 83' lang='lat' dir='ltr'>infe-</span> 
     </span>
     <span class='ocr_line' id='line_1_39' title="bbox 1039 5076 2098 5164; baseline 0.002 -28"><span class='ocrx_word' id='word_1_300' title='bbox 1039 5093 1042 5097; x_wconf 83' lang='lat'>·</span> <span class='ocrx_word' id='word_1_301' title='bbox 1495 5082 1554 5138; x_wconf 83' lang='lat' dir='ltr'>tius</span> <span class='ocrx_word' id='word_1_302' title='bbox 1576 5101 1603 5161; x_wconf 92' lang='lat' dir='ltr'>p.</span> <span class='ocrx_word' id='word_1_303' title='bbox 1617 5086 1678 5151; x_wconf 77' lang='lat'><strong>546.</strong></span> <span class='ocrx_word' id='word_1_304' title='bbox 1691 5082 1825 5143; x_wconf 86' lang='lat' dir='ltr'>meminit</span> <span class='ocrx_word' id='word_1_305' title='bbox 1836 5083 2007 5164; x_wconf 76' lang='lat' dir='ltr'>Procopius,</span> <span class='ocrx_word' id='word_1_306' title='bbox 2032 5076 2098 5141; x_wconf 84' lang='lat' dir='ltr'>Vid.</span> 
     </span>
     <span class='ocr_line' id='line_1_40' title="bbox 857 5154 1750 5251; baseline 0.002 -26"><span class='ocrx_word' id='word_1_307' title='bbox 857 5154 904 5241; x_wconf 73' lang='lat' dir='ltr'>s)</span> <span class='ocrx_word' id='word_1_308' title='bbox 926 5157 1087 5227; x_wconf 75' lang='lat' dir='ltr'>Maximam</span> <span class='ocrx_word' id='word_1_309' title='bbox 1109 5160 1216 5226; x_wconf 82' lang='lat' dir='ltr'>Daciae</span> <span class='ocrx_word' id='word_1_310' title='bbox 1250 5175 1361 5251; x_wconf 77' lang='lat' dir='ltr'>partem</span> <span class='ocrx_word' id='word_1_311' title='bbox 1387 5165 1440 5225; x_wconf 90' lang='lat' dir='ltr'>ob·</span> <span class='ocrx_word' id='word_1_312' title='bbox 1495 5162 1624 5247; x_wconf 70' lang='lat' dir='ltr'>Gepaed.</span> <span class='ocrx_word' id='word_1_313' title='bbox 1647 5162 1680 5247; x_wconf 60' lang='grc' dir='ltr'>β.</span> <span class='ocrx_word' id='word_1_314' title='bbox 1706 5186 1750 5227; x_wconf 81' lang='lat' dir='ltr'>rr.</span> 
     </span>
    </p>
   </div>
   <div class='ocr_carea' id='block_1_6' title="bbox 0 0 2464 6992">
    <p class='ocr_par' dir='ltr' id='par_1_13' title="bbox 0 0 2464 6992">
     <span class='ocr_line' id='line_1_41' title="bbox 0 0 2464 6992; baseline 0 3"><span class='ocrx_word' id='word_1_315' title='bbox 0 0 2464 6992; x_wconf 95' lang='lat' dir='ltr'> </span> 
     </span>
    </p>
   </div>
  </div>
 </body>
</html>
