4917 6992
679 1194 688 1218 ²
780 1206 840 1294 176
1184 1196 1621 1281 (soT-HteouvM

571 1307 773 1390 liiplvsri.

571 1407 689 1455 urano
709 1396 732 1456 L

1356 1404 1386 1501 t
1413 1425 1479 1489 2³0·

1329 1614 1356 1661 a.
1383 1592 1423 1665 C.
1449 1612 1520 1695 540.

860 1732 1041 1803 Hanania
1065 1735 1101 1802 in
1125 1736 1236 1802 animo
1260 1727 1420 1815 Belisarius
1445 1733 1628 1803 Auximum
1655 1753 1692 1799 ac
1716 1722 1858 1820 Faesulas
1881 1730 1969 1827 prius
2005 1728 2061 1800 etl
2169 1730 2178 1741 “

673 1841 749 1932 169,
784 1856 956 1928 pugnare,
981 1837 1088 1930 itaque
1124 1828 1260 1903 demum
1295 1838 1420 1932 Vitigin
1460 1836 1570 1935 petere
1606 1851 1638 1903 et
1674 1834 1866 1902 Rauennam
1890 1826 2061 1909 summotis
2101 1884 2104 1887 -

784 1931 949 2013 hostibus,
975 1952 1010 2004 vt
1034 1957 1136 2003 neruo
1163 1929 1336 2031 obsistere,
1362 1956 1468 2031 neque
1494 1952 1632 2031 atergo
1660 1926 1789 2003 infestus
1808 1936 1926 2024 'venire
1944 1925 2059 2029 pollet.

881 2056 1009 2155 ‘Quare
1034 2060 1204 2154 Cypriano
1231 2076 1263 2129 et
1287 2056 1430 2137 Iustino,
1457 2060 1511 2155 qui
1531 2052 1672 2128 Faesulas
1699 2074 1946 2155 expugnarent,
1970 2058 2061 2127 Mar-

747 2155 756 2173 ‘
786 2159 858 2225 tino
883 2181 963 2226 vero
992 2176 1024 2226 et
1048 2162 1192 2240 Ioanne,
1221 2163 1301 2257 qui,
1324 2184 1367 2227 ne
1393 2154 1459 2254 ipse
1485 2152 1648 2227 cuiusuis
1673 2159 1711 2229 ab
1736 2162 1833 2227 Vraia
1853 2162 1984 2285 eiusque
2005 2180 2061 2225 co-

786 2258 858 2351 piis,
882 2254 1076 2353 Mediolano
1103 2252 1220 2339 effufis,
1249 2252 1567 2355 peteretu1·‚'curam
1580 2256 1801 2338 intenderent,
1826 2254 1922 2331 millu
1968 2255 2061 2429 ,ipse

786 2382 864 2425 mam
889 2361 1036 2428 virorum
1061 2384 1109 2429 xr.
1137 2386 1177 2431 u.
1202 2359 1317 2431 vrbem
1341 2362 1524 2431 Auximum
1548 2363 1657 2457 attigit.
1673 2362 1796 2431 -Hic
1831 2358 1961 2430 militiae
2023 2382 2060 2428 o·
2145 2426 2152 2433 .

783 2482 856 2527 rein
881 2458 1052 2535 Gottlricae
1076 2464 1191 2557 Vitigis
1220 2464 1257 2529 in
1283 2456 1444 2559 praesidio
1478 2458 1717 2559 'collocaueran
1757 2453 1826 2529 satis
1864 2460 2060 2541 coniiciens,

782 2559 977 2639 Romanos,
1001 2555 1061 2629 nili
1084 2563 1172 2655 prius
1195 2561 1280 2630 hauc
1306 2561 1421 2631 vrbem
1446 2580 1619 2659 caperent,
1659 2584 1827 2659 nunquam
1859 2553 1988 2631 ausuros
2013 2562 2062 2631 in·

784 2650 868 2728 festo
895 2662 1039 2729 exercitu
1067 2662 1261 2730 Rauennam
1287 2658 1428 2732 tendere.
1539 2666 1545 2677 “

881 2780 970 2852 ‘Hic
995 2778 1077 2853 dum
1101 2783 1244 2857 Romani
1269 2782 1390 2855 leuibus
1417 2782 1546 2881 proeliis
1582 2808 1660 2853 cum
1698 2785 1849 2863 Gotthis,
1873 2779 2062 2879 pabulatum

787 2876 937 2979 egrelsis,
964 2903 1136 2981 pugnant,
1161 2886 1319 2957 etGotthi
1346 2890 1391 2955 rei
1419 2886 1551 2956 cibariae
1574 2888 1686 2981 inopia
1709 2883 1854 2955 laborare
1880 2886 2060 2979 incipiunt,

786 2983 823 3053 hi
850 2976 995 3055 fallentes
1016 2988 1185 3055 Romanos
1212 2984 1254 3057 ad
1280 2990 1404 3085 Vitigin
1432 2984 1608 3082 tabellarios
1634 2987 1790 3067 nrittunt,
1828 2980 1982 3054 auxilimn
2006 3010 2061 3055 ro·

810 3100 926 3153 aturos.
977 3088 1070 3181 Qos
1094 3090 1257 3183 Vitigis’,
1283 3081 1438 3185 suppetias
1463 3090 1609 3161 Auximo
1637 3111 1714 3155 cum
1742 3090 1834 3159 omni
1860 3088 2001 3157 exercitu
2026 3080 2062 3157 se

785 3108 926 3255 lanium
945 3177 1131 3281 pollicitus,
1160 3184 1301 3257 dimisit:
1341 3214 1455 3259 verum
1483 3186 1615 3283 postea,
1644 3214 1679 3256 re
1703 3184 1844 3259 mulnim
1869 3180 2023 3285 perpensa
2048 3239 2062 3269 ,

786 3281 868 3352 nihil
892 3290 1005 3355 mouit.
1041 3290 1129 3357 Nam
1155 3308 1187 3359 et
1213 3293 1387 3369 aloanne,
1413 3292 1448 3356 in
1474 3308 1562 3385 terga
1585 3290 1763 3369 haerente,
1788 3282 1820 3357 se
1844 3290 2061 3383 interceptum

785 3386 823 3452 iri
845 3376 1077 3480 suspicabatur:
1100 3407 1143 3468 et,
1170 3392 1296 3487 magnis
1320 3384 1546 3461 bellicosorum
1561 3392 1707 3459 virorum
1725 3391 1835 3487 vcopiis
1858 3382 2059 3461 suceinslum

778 3468 849 3553 'else
874 3480 1081 3570 Belisarium,
1107 3507 1275 3559 autumans
1300 3490 1444 3587 pauebat.
1497 3492 1647 3585 inprimis
1670 3482 1775 3584 ipsum
1807 3483 1978 3561 sollicitum
2003 3492 2065 3561 ha·'

786 3582 879 3657 bebat
900 3581 1027 3678 sames3
1052 3614 1131 3663 cum
1157 3584 1313 3674 nesciret,
1351 3586 1438 3664 vnde
1463 3593 1616 3684 exercitui
1641 3590 1754 3663 cibaria
1778 3581 2058 3689 suppeditaret·—

1357 3777 1388 3873 §.
1413 3799 1474 3862 23¹·

741 3996 770 4031 .·
873 3936 1067 4029 ‘cypriano
1105 3960 1205 4008 vero
1224 3956 1257 4008 et
1291 3935 1411 4008 Iullino
1449 3934 1589 4011 Faesulas
1625 3938 1794 4013 obsidione
1830 3934 2059 4041 vigentibus’,

785 4031 906 4103 barbari
933 4057 1064 4102 annona
1090 4030 1230 4116 defecti,
1258 4040 1348 4106 etin
1372 4064 1426 4108 ma
1451 4064 1505 4108 nas
1530 4038 1660 4113 adduui
1685 4040 1864 4141 augustias,
1901 4039 1941 4113 ad
1979 4046 2060 4113 Viti·

791 4137 872 4233 gin,
897 4132 989 4203 holle
1015 4134 1095 4207 nihil
1119 4130 1383 4230 persentiscente,
1415 4064 1591 4222 (festinant,
1630 4145 1685 4241 qui
1721 4161 1913 4240 promptum
1949 4162 2060 4239 petant

756 4231 961 4315 ·auxilirun,
986 4228 1074 4302 haud
1098 4231 1215 4306 diutius
1240 4236 1398 4309 rellinuis.
1447 4245 1564 4313 Vraiae
1588 4238 1721 4313 mandat
1745 4247 1882 4341 Vitigis,
1920 4238 1953 4315 ut
1980 4270 2059 4315 cum

788 4336 938 4431 liguriae
963 4339 1064 4432 copiis
1078 4334 1124 4405 'in
1147 4362 1262 4435 agrurn
1275 4334 1485 4435 Ticinensern
1509 4336 1539 4413 se
1566 4338 1734 4413 conferat:
1760 4363 1854 4443 atque
1878 4350 1920 4413 ita
1934 4338 2064 4416 faihrm'

788 4438 826 4505 iri
852 4429 1025 4517 elicuerat,
1053 4452 1087 4505 vt
1111 4432 1178 4532 ipse
1203 4432 1328 4511 obsellis
1352 4436 1431 4513 adsit
1457 4468 1534 4513 curn
1563 4444 1927 4517 omnibusGotthorum
1946 4449 2057 4541 copiis.

788 4533 845 4605 Ille
870 4530 960 4605 dicto
982 4532 1141 4615 'audienm
1177 4534 1361 4611 vuiuersrmi
1388 4547 1586 4627 exercitum,
1625 4570 1724 4641 quem
1753 4540 1862 4617 secum
1887 4546 2058 4630 habebat,

788 4637 948 4707 Ticinum
974 4632 1074 4706 duxit.
1102 4636 1281 4710 ,Transito
1309 4638 1395 4712 Pado
1421 4641 1580 4729 flumine,
1620 4648 1777 4717 Romanis
1801 4646 1904 4717 castris
1941 4672 2059 4744 appro-

787 4741 1007 4833 pinquarunt,
1029 4732 1149 4835 suaque
1173 4766 1214 4810 ex
1239 4737 1372 4813 aduerso
1397 4739 1566 4829 locarunt,
1593 4744 1769 4819 stadiorum
1790 4776 1844 4819 rx.
1871 4743 2055 4844 solumspa·

787 4840 833 4909 tio
857 4840 1035 4910 interiecto.
1060 4840 1202 4941 ⁸Neutri
1240 4846 1367 4917 initium
1403 4870 1533 4947 pugnae
1568 4842 1723 4920 fecerunt.
1772 4852 1930 4923 Romanis
1966 4853 2055 4921 enim

1984 4938 2062 5022 satis'

791 5192 808 5229 ,Ι
829 5143 890 5209 169·
912 5138 1060 5203 Paocor.
1081 5139 1118 5201 de
1142 5142 1173 5203 Β.
1198 5144 1233 5204 G.
1257 5144 1290 5207 L.
1311 5144 1345 5204 IL
1368 5164 1395 5212 c.
1489 5162 1553 5227 ¹70·
1576 5146 1618 5211 Id.
1632 5147 1713 5213 ibid.
1735 5170 1764 5232 p.
1788 5158 1856 5228 446,
1878 5170 1945 5231 447.

785 5235 827 5289 23.
851 5242 897 5297 24.
923 5244 953 5308 p.
977 5233 1126 5304 442.446‚
1478 5256 1485 5275 s
