4917 6992
790 1161 1284 1310 orrannum.
1451 1201 1678 1328 ,xxxv

388 1518 391 1528 .
539 1417 712 1536 XXVI.
746 1423 935 1557 xxuu.
987 1463 1248 1542 deonotus
1302 1463 1680 1576 ancHtMrats3
1796 1399 1843 1420 γε
1983 1389 1986 1397 .

383 1577 455 1690 qui
508 1577 545 1662 se
595 1579 876 1664 amaioribus
924 1583 1088 1686 quidem
1145 1577 1676 1695 Constantinopolitanum‚
1830 1667 1833 1674 .

385 1707 564 1794 Nicaeae
595 1732 694 1792 vero
720 1733 762 1792 a.
796 1703 843 1792 C.
880 1723 1118 1800 MCCXLII.
1153 1727 1299 1794 natum
1350 1730 1393 1797 et
1424 1712 1677 1824 educatum,

277 1942 284 1953 .
387 1859 426 1921 ct
455 1843 500 1924 in
536 1835 760 1946 collegium
792 1839 1043 1922 sacerdotum
1077 1857 1319 1946 cooptatum
1350 1837 1463 1924 fuisse
1515 1867 1679 1931 memo·
1808 1894 1812 1903 ·

384 1987 459 2052 rat.
529 1964 678 2052 Annos
711 1987 828 2082 natus
863 1966 1124 2074 undeuiginti
1158 1959 1543 2080 Constantinopolin
1574 1969 1696 2060 a.C.'

385 2115 593 2190 MCCLXI.
639 2093 914 2192 aMichaele
955 2093 1191 2200 Palaeologo
1242 2118 1449 2208 receptam
1498 2077 1678 2211 delatue,

384 2226 607 2334 iolignibus
633 2225 694 2311 ‘ibi
728 2227 770 2311 ln
799 2223 962 2310 eccletia
987 2229 1039 2310 'et
1072 2223 1163 2310 aula
1196 2227 1357 2314 sunaus
1403 2228 1679 2336 elhmuneri·
1779 2313 1783 2321 .

383 2359 466 2444 bus.
533 2357 693 2451 Praeter
713 2355 803 2444 ‘alia
836 2357 979 2468 scripta
1016 2353 1227 2438 historiam
1263 2357 1428 2469 imperii
1459 2357 1677 2446 Michaelis

387 2481 620 2594 Palaeologi
647 2505 688 2570 ct
723 2485 799 2568 filii
832 2487 920 2570 eius
956 2485 1181 2568 Andronici
1214 2479 1395 2572 senioris
1424 2471 1679 2604 composuit,
1772 2552 1775 2557 -

392 2640 490 2728 quae
524 2613 679 2700 Romae
714 2641 750 2698 a.
786 2614 831 2702 C.
866 2633 1117 2706 MDCLXVI.
1151 2615 1264 2724 typis
1295 2613 1531 2703 Barberiois
1572 2621 1678 2706 duo·
1782 2644 1786 2653 ’

387 2749 458 2832 bus
490 2744 773 2830 voluminibus
807 2737 973 2852 ‘uulgata
1007 2746 1083 2851 est,
1117 2740 1237 2832 Petro
1256 2742 1695 2863 Poffinoiuterpttte‘,
1741 2804 1745 2815 -
1843 2836 1848 2847 ,
1884 2847 1891 2858 ,

385 2876 457 2987 qui
491 2875 823 2977 obseruationum
859 2873 984 2962 libros
1003 2895 1098 2992 ¹tres
1121 2875 1314 2982 addidit,
1362 2899 1545 2987 quorum
1572 2878 1678 2992 spri-

311 3079 315 3094 .
371 3028 482 3090 =mus
514 3005 784 3112 glollatium,
817 3008 1012 3091 stcurrdus
1046 3025 1197 3112 notas,
1240 3003 1387 3090 tertius
1416 3003 1678 3116 chronologi·
1725 3017 1732 3026 '

386 3162 456 3220 am
490 3137 667 3220 exhibet.
711 3135 869 3222 ·Priori
903 3135 1112 3220 uolumini
1145 3136 1346 3247 specimen
1363 3137 1576 3248 sapientiae
1608 3135 1680 3220 lo·
1829 3125 1850 3204 ‘-

387 3270 538 3352 dorum
577 3281 765 3355 ueterum
798 3289 820 3350 e
853 3287 998 3372 graeco
1027 3263 1154 3353 latine
1184 3263 1356 3352 uersam-
1375 3266 1485 3352 idem
1526 3264 1680 3356 addidit

390 3393 583 3484 Poffinus.
1067 3431 1070 3440 ’
1360 3432 1366 3441 v
1458 3411 1462 3421 ’
1524 3431 1527 3438 ⁴
1667 3439 1670 3443 J

540 3549 963 3654 XXV111.XXIX‚
1010 3577 1334 3652 urcrnnonvs
1377 3579 1679 3662 camorana,

391 3681 611 3766 Heracleae
632 3686 815 3771 Ponticae
835 3750 848 3792 ,
884 3709 927 3772 tt
949 3687 1157 3773 Bononius
1189 3695 1306 3774 docet
1329 3716 1361 3774 a.
1382 3689 1427 3777 C.
1448 3708 1678 3782 MCCXCV.

392 3833 544 3918 natus,
593 3815 811 3898 eruditione
831 3873 868 3922 ,a
896 3841 1020 3926 quum
1059 3812 1416 3926 Constantinopoli
1452 3817 1679 3926 patriarcha

388 3941 548 4030 Ioanne
581 3939 720 4052 Glycy
753 3965 791 4028 et
829 3969 979 4052 magno
1016 3944 1245 4053 Logotheta¹
1281 3943 1513 4064 Menochite
1566 3938 1709 4056 prae·'

385 4073 618 4183 ceptoribus
669 4081 788 4180 usus,
832 4071 1079 4183 acquifiuit,
1119 4077 1279 4160 aditum
1309 4079 1356 4160 ad
1389 4075 1524 4159 aulam
1560 4101 1681 4188 repa·

387 4206 480 4311 rit,
535 4222 576 4284 et
608 4204 655 4287 ad
686 4199 1035 4314 Chartophylacis
1069 4203 1312 4312 dignitatem
1358 4205 1407 4289 ab
1439 4205 1681 4292 Andronico
1757 4267 1759 4271 .
1810 4316 1814 4326 ι
1870 4173 1873 4178 ’

387 4335 561 4421 Iuniore
596 4315 810 4440 prouectus
842 4335 907 4422 eli.
972 4333 1120 4418 Turbis
1155 4336 1195 4418 in
1233 4329 1397 4419 ecclesia
1432 4329 1683 4438 durantibus,

385 4442 702 4576 quassdodrina
737 4459 935 4548 Barlaami
979 4467 1260 4568 excltauerat,
1315 4467 1428 4548 uarie
1469 4464 1679 4570 afflictus,
1793 4539 1803 4553 .

319 4655 324 4664 -
383 4615 428 4681 et
464 4591 506 4675 iu
550 4590 823 4695 monasterio,
865 4593 907 4676 in
938 4615 1020 4702 quo
1052 4591 1285 4698 habitabat,
1324 4591 1723 4686 a.C.MCcCL1.=
1838 4697 1849 4704 ,

317 4833 325 4843 ³
386 4725 436 4808 in·
467 4721 643 4810 custodia
675 4721 859 4806 detentus
896 4721 986 4812 luit.
1050 4721 1138 4808 Post
1163 4749 1201 4807 a.
1229 4721 1278 4806 C.
1307 4741 1552 4815 MCCCLIX.
1572 4719 1681 4808 nulla

385 4856 476 4937 eius
511 4850 561 4934 fit
596 4855 784 4956 menti0,
816 4869 863 4934 ut
896 4853 1003 4936 circa
1036 4853 1148 4939 hunc
1181 4844 1332 4951 annum
1367 4853 1508 4956 obiille‘
1547 4853 1699 4963 videa·-

387 5007 468 5069 tur.
537 4979 761 5065 Historiam
796 4981 907 5064 luam
959 4981 1010 5068 ab
1055 5009 1090 5068 a.
1129 4981 1176 5070 C.
1211 4999 1393 5076 MCCIV.
1441 5003 1524 5093 quo
1570 4975 1683 5070 Con·
1821 5047 1827 5056 .

389 5106 673 5221 stantinopolis
705 5136 728 5196 a
762 5107 919 5197 Latinis
951 5132 1074 5221 capta
1094 5113 1182 5221 est,
1217 5110 1410 5224 inchoat,
1441 5137 1612 5225 eamque
1632 5113 1681 5197 ad
1782 5113 1787 5120 ’

586 5387 588 5396 Α
858 5232 1148 5391 illabili(
1364 5258 1366 5261 ·
1470 5403 1473 5408 ¹
1634 5263 1680 5343 a·
