<?xml version="1.0" encoding="UTF-8"?>
<!DOCTYPE html PUBLIC "-//W3C//DTD XHTML 1.0 Transitional//EN"
    "http://www.w3.org/TR/xhtml1/DTD/xhtml1-transitional.dtd">
<html xmlns="http://www.w3.org/1999/xhtml" xml:lang="en" lang="en">
 <head>
  <title>
</title>
<meta http-equiv="Content-Type" content="text/html;charset=utf-8" />
  <meta name='ocr-system' content='tesseract 3.04.00' />
  <meta name='ocr-capabilities' content='ocr_page ocr_carea ocr_par ocr_line ocrx_word'/>
</head>
<body>
  <div class='ocr_page' id='page_1' title='image "./memoriaepopulor02strigoog_0499.png"; bbox 0 0 4917 6992; ppageno 0'>
   <div class='ocr_carea' id='block_1_1' title="bbox 829 1167 1705 1297">
    <p class='ocr_par' dir='ltr' id='par_1_1' title="bbox 829 1167 1705 1297">
     <span class='ocr_line' id='line_1_1' title="bbox 829 1167 1705 1297; baseline -0.005 -40"><span class='ocrx_word' id='word_1_1' title='bbox 829 1180 906 1257; x_wconf 81' lang='lat' dir='ltr'>nn</span> <span class='ocrx_word' id='word_1_2' title='bbox 943 1174 1191 1266; x_wconf 69' lang='lat' dir='ltr'>nurum</span> <span class='ocrx_word' id='word_1_3' title='bbox 1527 1167 1535 1181; x_wconf 89' lang='grc'><em>’</em></span> <span class='ocrx_word' id='word_1_4' title='bbox 1588 1222 1650 1297; x_wconf 71' lang='lat'>4„</span> <span class='ocrx_word' id='word_1_5' title='bbox 1697 1246 1705 1253; x_wconf 89' lang='lat'>.</span> 
     </span>
    </p>
   </div>
   <div class='ocr_carea' id='block_1_2' title="bbox 322 1330 1642 1692">
    <p class='ocr_par' dir='ltr' id='par_1_2' title="bbox 322 1330 1642 1692">
     <span class='ocr_line' id='line_1_2' title="bbox 359 1330 1642 1493; baseline 0.026 -51"><span class='ocrx_word' id='word_1_6' title='bbox 359 1372 497 1491; x_wconf 75' lang='lat' dir='ltr'>Hrurnit</span> <span class='ocrx_word' id='word_1_7' title='bbox 513 1375 621 1491; x_wconf 28' lang='lat' dir='ltr'>‘annui</span> <span class='ocrx_word' id='word_1_8' title='bbox 640 1374 748 1453; x_wconf 65' lang='lat' dir='ltr'>minti</span> <span class='ocrx_word' id='word_1_9' title='bbox 770 1346 911 1458; x_wconf 82' lang='lat' dir='ltr'>nornine</span> <span class='ocrx_word' id='word_1_10' title='bbox 931 1330 1176 1485; x_wconf 74' lang='lat' dir='ltr'>pependerant,</span> <span class='ocrx_word' id='word_1_11' title='bbox 1199 1384 1413 1493; x_wconf 80' lang='lat' dir='ltr'>septingentas</span> <span class='ocrx_word' id='word_1_12' title='bbox 1438 1332 1560 1473; x_wconf 83' lang='lat' dir='ltr'>felnere</span> <span class='ocrx_word' id='word_1_13' title='bbox 1586 1426 1642 1477; x_wconf 79' lang='lat' dir='ltr'>en·</span> 
     </span>
     <span class='ocr_line' id='line_1_3' title="bbox 355 1477 1638 1597; baseline 0.027 -54"><span class='ocrx_word' id='word_1_14' title='bbox 355 1478 435 1592; x_wconf 71' lang='lat' dir='ltr'>aeti.</span> <span class='ocrx_word' id='word_1_15' title='bbox 485 1477 625 1549; x_wconf 77' lang='lat' dir='ltr'>Fumata</span> <span class='ocrx_word' id='word_1_16' title='bbox 646 1481 724 1569; x_wconf 70' lang='lat' dir='ltr'>thoe</span> <span class='ocrx_word' id='word_1_17' title='bbox 749 1486 847 1580; x_wconf 73' lang='lat' dir='ltr'>patio</span> <span class='ocrx_word' id='word_1_18' title='bbox 871 1490 919 1580; x_wconf 88' lang='lat' dir='ltr'>(a.</span> <span class='ocrx_word' id='word_1_19' title='bbox 947 1493 978 1559; x_wconf 89' lang='lat' dir='ltr'>C</span> <span class='ocrx_word' id='word_1_20' title='bbox 1003 1496 1107 1585; x_wconf 67' lang='lat' dir='ltr'>aaa.)</span> <span class='ocrx_word' id='word_1_21' title='bbox 1132 1518 1212 1565; x_wconf 81' lang='lat' dir='ltr'>nnn</span> <span class='ocrx_word' id='word_1_22' title='bbox 1237 1492 1395 1567; x_wconf 81' lang='lat' dir='ltr'>Romania</span> <span class='ocrx_word' id='word_1_23' title='bbox 1420 1520 1524 1597; x_wconf 89' lang='lat' dir='ltr'>pace,</span> <span class='ocrx_word' id='word_1_24' title='bbox 1549 1528 1638 1577; x_wconf 71' lang='lat' dir='ltr'>arun</span> 
     </span>
     <span class='ocr_line' id='line_1_4' title="bbox 322 1576 1284 1692; baseline 0.02 -46"><span class='ocrx_word' id='word_1_25' title='bbox 322 1583 342 1605; x_wconf 88' lang='grc'><strong>’</strong></span> <span class='ocrx_word' id='word_1_26' title='bbox 361 1576 587 1692; x_wconf 59' lang='lat' dir='ltr'>rn180r0sgot</span> <span class='ocrx_word' id='word_1_27' title='bbox 612 1604 844 1659; x_wconf 83' lang='lat' dir='ltr'>conuerterant</span> <span class='ocrx_word' id='word_1_28' title='bbox 868 1588 981 1661; x_wconf 78' lang='lat' dir='ltr'>Attilae</span> <span class='ocrx_word' id='word_1_29' title='bbox 1007 1610 1040 1663; x_wconf 89' lang='lat' dir='ltr'>et</span> <span class='ocrx_word' id='word_1_30' title='bbox 1062 1590 1187 1671; x_wconf 75' lang='lat' dir='ltr'>Bledan</span> <span class='ocrx_word' id='word_1_31' title='bbox 1280 1660 1284 1665; x_wconf 91' lang='lat'>.</span> 
     </span>
    </p>
   </div>
   <div class='ocr_carea' id='block_1_3' title="bbox 338 1694 1777 3127">
    <p class='ocr_par' dir='ltr' id='par_1_3' title="bbox 338 1694 1777 3127">
     <span class='ocr_line' id='line_1_5' title="bbox 391 1694 1643 1824; baseline 0.019 -50"><span class='ocrx_word' id='word_1_32' title='bbox 391 1694 402 1705; x_wconf 63' lang='grc'><em>’</em></span> <span class='ocrx_word' id='word_1_33' title='bbox 465 1706 548 1778; x_wconf 91' lang='lat' dir='ltr'>Non</span> <span class='ocrx_word' id='word_1_34' title='bbox 573 1703 629 1777; x_wconf 90' lang='lat' dir='ltr'>diu</span> <span class='ocrx_word' id='word_1_35' title='bbox 655 1703 834 1813; x_wconf 52' lang='lat' dir='ltr'>vero&#39;poll</span> <span class='ocrx_word' id='word_1_36' title='bbox 859 1716 908 1806; x_wconf 88' lang='lat' dir='ltr'>(a.</span> <span class='ocrx_word' id='word_1_37' title='bbox 935 1721 974 1791; x_wconf 92' lang='lat' dir='ltr'>C.</span> <span class='ocrx_word' id='word_1_38' title='bbox 1001 1724 1097 1815; x_wconf 74' lang='lat'><strong>438.)</strong></span> <span class='ocrx_word' id='word_1_39' title='bbox 1132 1724 1252 1793; x_wconf 88' lang='lat' dir='ltr'>Hunni</span> <span class='ocrx_word' id='word_1_40' title='bbox 1284 1748 1430 1820; x_wconf 83' lang='lat' dir='ltr'>pacem,</span> <span class='ocrx_word' id='word_1_41' title='bbox 1471 1720 1551 1798; x_wconf 91' lang='lat' dir='ltr'>dolo</span> <span class='ocrx_word' id='word_1_42' title='bbox 1579 1730 1643 1824; x_wconf 90' lang='lat' dir='ltr'>pri·</span> 
     </span>
     <span class='ocr_line' id='line_1_6' title="bbox 355 1805 1641 1923; baseline 0.02 -50"><span class='ocrx_word' id='word_1_43' title='bbox 355 1826 482 1889; x_wconf 79' lang='lat' dir='ltr'>mum,</span> <span class='ocrx_word' id='word_1_44' title='bbox 527 1805 646 1881; x_wconf 86' lang='lat' dir='ltr'>deinde</span> <span class='ocrx_word' id='word_1_45' title='bbox 677 1835 790 1913; x_wconf 82' lang='lat' dir='ltr'>aperto</span> <span class='ocrx_word' id='word_1_46' title='bbox 822 1815 908 1889; x_wconf 87' lang='lat' dir='ltr'>bello</span> <span class='ocrx_word' id='word_1_47' title='bbox 950 1838 1063 1891; x_wconf 77' lang='lat' dir='ltr'>coma</span> <span class='ocrx_word' id='word_1_48' title='bbox 1087 1824 1260 1894; x_wconf 81' lang='lat' dir='ltr'>Romanos</span> <span class='ocrx_word' id='word_1_49' title='bbox 1292 1818 1438 1923; x_wconf 85' lang='lat' dir='ltr'>suscepto</span> <span class='ocrx_word' id='word_1_50' title='bbox 1470 1828 1641 1901; x_wconf 84' lang='lat' dir='ltr'>violarunt.</span> 
     </span>
     <span class='ocr_line' id='line_1_7' title="bbox 358 1906 1641 2017; baseline 0.018 -41"><span class='ocrx_word' id='word_1_51' title='bbox 358 1906 407 1977; x_wconf 78' lang='lat' dir='ltr'>Et</span> <span class='ocrx_word' id='word_1_52' title='bbox 429 1908 468 1979; x_wconf 85' lang='lat' dir='ltr'>ab</span> <span class='ocrx_word' id='word_1_53' title='bbox 491 1909 560 1981; x_wconf 90' lang='lat' dir='ltr'>hoc</span> <span class='ocrx_word' id='word_1_54' title='bbox 584 1928 737 2015; x_wconf 87' lang='lat' dir='ltr'>tempore</span> <span class='ocrx_word' id='word_1_55' title='bbox 761 1921 933 2017; x_wconf 84' lang='lat' dir='ltr'><strong>quotannis</strong></span> <span class='ocrx_word' id='word_1_56' title='bbox 956 1915 1025 1991; x_wconf 90' lang='lat' dir='ltr'>sere</span> <span class='ocrx_word' id='word_1_57' title='bbox 1049 1922 1217 1995; x_wconf 77' lang='lat' dir='ltr'>Romanas</span> <span class='ocrx_word' id='word_1_58' title='bbox 1250 1920 1448 2001; x_wconf 75' lang='lat' dir='ltr'>incusantur</span> <span class='ocrx_word' id='word_1_59' title='bbox 1481 1953 1519 1999; x_wconf 86' lang='lat' dir='ltr'>ac</span> <span class='ocrx_word' id='word_1_60' title='bbox 1544 1926 1641 2001; x_wconf 84' lang='lat' dir='ltr'>vasia-</span> 
     </span>
     <span class='ocr_line' id='line_1_8' title="bbox 358 2008 1777 2118; baseline 0.016 -39"><span class='ocrx_word' id='word_1_61' title='bbox 358 2008 502 2081; x_wconf 77' lang='lat' dir='ltr'>nutat</span> <span class='ocrx_word' id='word_1_62' title='bbox 526 2009 657 2103; x_wconf 81' lang='lat' dir='ltr'>illyrico</span> <span class='ocrx_word' id='word_1_63' title='bbox 683 2013 762 2089; x_wconf 90' lang='lat' dir='ltr'>inde</span> <span class='ocrx_word' id='word_1_64' title='bbox 788 2043 887 2118; x_wconf 79' lang='lat' dir='ltr'>tuque</span> <span class='ocrx_word' id='word_1_65' title='bbox 912 2016 954 2091; x_wconf 91' lang='lat' dir='ltr'>ad</span> <span class='ocrx_word' id='word_1_66' title='bbox 980 2016 1218 2103; x_wconf 86' lang='lat' dir='ltr'>Chersonesum</span> <span class='ocrx_word' id='word_1_67' title='bbox 1244 2026 1443 2104; x_wconf 88' lang='lat' dir='ltr'>Thracicam</span> <span class='ocrx_word' id='word_1_68' title='bbox 1500 2032 1641 2101; x_wconf 91' lang='lat' dir='ltr'>rouinci·</span> <span class='ocrx_word' id='word_1_69' title='bbox 1774 2042 1777 2049; x_wconf 88' lang='lat'>&#39;</span> 
     </span>
     <span class='ocr_line' id='line_1_9' title="bbox 351 2054 1638 2225; baseline 0.015 -42"><span class='ocrx_word' id='word_1_70' title='bbox 351 2134 403 2183; x_wconf 68' lang='lat' dir='ltr'>aa.</span> <span class='ocrx_word' id='word_1_71' title='bbox 453 2112 594 2186; x_wconf 80' lang='lat' dir='ltr'>Tn&#39;buta</span> <span class='ocrx_word' id='word_1_72' title='bbox 614 2110 742 2216; x_wconf 79' lang='lat' dir='ltr'>semper</span> <span class='ocrx_word' id='word_1_73' title='bbox 765 2123 890 2224; x_wconf 82' lang='lat' dir='ltr'>maiora</span> <span class='ocrx_word' id='word_1_74' title='bbox 916 2118 1139 2217; x_wconf 82' lang='lat' dir='ltr'>postulabant,</span> <span class='ocrx_word' id='word_1_75' title='bbox 1163 2129 1205 2197; x_wconf 90' lang='lat' dir='ltr'>ita</span> <span class='ocrx_word' id='word_1_76' title='bbox 1229 2143 1271 2202; x_wconf 83' lang='lat' dir='ltr'>vt</span> <span class='ocrx_word' id='word_1_77' title='bbox 1289 2126 1365 2225; x_wconf 88' lang='lat' dir='ltr'>poll</span> <span class='ocrx_word' id='word_1_78' title='bbox 1377 2054 1638 2202; x_wconf 66' lang='lat' dir='ltr'>Cherlitnensem</span> 
     </span>
     <span class='ocr_line' id='line_1_10' title="bbox 338 2214 1639 2318; baseline 0.018 -38"><span class='ocrx_word' id='word_1_79' title='bbox 338 2234 507 2310; x_wconf 65' lang='lat' dir='ltr'>„pugnam</span> <span class='ocrx_word' id='word_1_80' title='bbox 532 2214 586 2307; x_wconf 82' lang='lat' dir='ltr'>(a</span> <span class='ocrx_word' id='word_1_81' title='bbox 614 2218 653 2289; x_wconf 89' lang='lat' dir='ltr'>C.</span> <span class='ocrx_word' id='word_1_82' title='bbox 678 2220 776 2311; x_wconf 78' lang='grc'><strong>443.)</strong></span> <span class='ocrx_word' id='word_1_83' title='bbox 814 2216 888 2318; x_wconf 82' lang='lat' dir='ltr'>ipsis</span> <span class='ocrx_word' id='word_1_84' title='bbox 913 2222 959 2293; x_wconf 78' lang='lat' dir='ltr'>bis</span> <span class='ocrx_word' id='word_1_85' title='bbox 982 2222 1071 2297; x_wconf 90' lang='lat' dir='ltr'>mille</span> <span class='ocrx_word' id='word_1_86' title='bbox 1101 2244 1135 2298; x_wconf 90' lang='lat' dir='ltr'>et</span> <span class='ocrx_word' id='word_1_87' title='bbox 1158 2238 1291 2298; x_wconf 81' lang='lat' dir='ltr'>cenntm</span> <span class='ocrx_word' id='word_1_88' title='bbox 1319 2232 1387 2299; x_wconf 87' lang='lat' dir='ltr'>auri</span> <span class='ocrx_word' id='word_1_89' title='bbox 1409 2230 1529 2313; x_wconf 82' lang='lat' dir='ltr'>librae,</span> <span class='ocrx_word' id='word_1_90' title='bbox 1567 2256 1639 2303; x_wconf 91' lang='lat' dir='ltr'>non</span> 
     </span>
     <span class='ocr_line' id='line_1_11' title="bbox 356 2318 1637 2429; baseline 0.017 -47"><span class='ocrx_word' id='word_1_91' title='bbox 356 2321 622 2399; x_wconf 77' lang='lat' dir='ltr'>connumeratis,</span> <span class='ocrx_word' id='word_1_92' title='bbox 666 2344 745 2429; x_wconf 79' lang='lat' dir='ltr'>quat</span> <span class='ocrx_word' id='word_1_93' title='bbox 767 2318 1006 2419; x_wconf 86' lang='lat' dir='ltr'>stipendiorum</span> <span class='ocrx_word' id='word_1_94' title='bbox 1041 2332 1184 2399; x_wconf 86' lang='lat' dir='ltr'>nomine</span> <span class='ocrx_word' id='word_1_95' title='bbox 1206 2330 1425 2425; x_wconf 78' lang='lat' dir='ltr'>accipiebant,</span> <span class='ocrx_word' id='word_1_96' title='bbox 1469 2335 1637 2429; x_wconf 84' lang='lat' dir='ltr'>pecuniis,</span> 
     </span>
     <span class='ocr_line' id='line_1_12' title="bbox 351 2413 1731 2589; baseline 0.014 -105"><span class='ocrx_word' id='word_1_97' title='bbox 351 2420 532 2512; x_wconf 74' lang='lat' dir='ltr'>quotannis</span> <span class='ocrx_word' id='word_1_98' title='bbox 538 2413 749 2589; x_wconf 78' lang='lat' dir='ltr'>¹pendendae</span> <span class='ocrx_word' id='word_1_99' title='bbox 771 2416 879 2494; x_wconf 77' lang='lat' dir='ltr'>essent.</span> <span class='ocrx_word' id='word_1_100' title='bbox 930 2427 1099 2513; x_wconf 68' lang='lat' dir='ltr'>neantes,</span> <span class='ocrx_word' id='word_1_101' title='bbox 1132 2432 1228 2501; x_wconf 80' lang='lat' dir='ltr'>Ponti</span> <span class='ocrx_word' id='word_1_102' title='bbox 1260 2430 1407 2514; x_wconf 82' lang='lat' dir='ltr'>accolae,</span> <span class='ocrx_word' id='word_1_103' title='bbox 1443 2430 1554 2508; x_wconf 79' lang='lat' dir='ltr'>Antias</span> <span class='ocrx_word' id='word_1_104' title='bbox 1580 2428 1635 2503; x_wconf 90' lang='lat' dir='ltr'>sub</span> <span class='ocrx_word' id='word_1_105' title='bbox 1725 2514 1731 2523; x_wconf 41' lang='lat'><em>,</em></span> 
     </span>
     <span class='ocr_line' id='line_1_13' title="bbox 355 2518 1631 2631; baseline 0.016 -46"><span class='ocrx_word' id='word_1_106' title='bbox 355 2518 475 2613; x_wconf 89' lang='lat' dir='ltr'>iugum</span> <span class='ocrx_word' id='word_1_107' title='bbox 500 2521 547 2590; x_wconf 87' lang='lat' dir='ltr'>m&#39;</span> <span class='ocrx_word' id='word_1_108' title='bbox 561 2540 608 2603; x_wconf 84' lang='lat' dir='ltr'>rt,</span> <span class='ocrx_word' id='word_1_109' title='bbox 634 2524 737 2621; x_wconf 85' lang='lat' dir='ltr'>iisque</span> <span class='ocrx_word' id='word_1_110' title='bbox 761 2520 907 2595; x_wconf 80' lang='lat' dir='ltr'>liliorum</span> <span class='ocrx_word' id='word_1_111' title='bbox 932 2520 1065 2597; x_wconf 90' lang='lat' dir='ltr'>suorum</span> <span class='ocrx_word' id='word_1_112' title='bbox 1092 2548 1170 2601; x_wconf 88' lang='lat' dir='ltr'>natu</span> <span class='ocrx_word' id='word_1_113' title='bbox 1194 2534 1379 2603; x_wconf 85' lang='lat' dir='ltr'>maximrun</span> <span class='ocrx_word' id='word_1_114' title='bbox 1406 2555 1520 2631; x_wconf 81' lang='lat' dir='ltr'>regem</span> <span class='ocrx_word' id='word_1_115' title='bbox 1535 2529 1631 2605; x_wconf 81' lang='lat' dir='ltr'>dedit</span> 
     </span>
     <span class='ocr_line' id='line_1_14' title="bbox 353 2615 1638 2729; baseline 0.01 -41"><span class='ocrx_word' id='word_1_116' title='bbox 353 2616 423 2688; x_wconf 83' lang='lat' dir='ltr'>sub</span> <span class='ocrx_word' id='word_1_117' title='bbox 445 2615 577 2692; x_wconf 76' lang='lat' dir='ltr'>vltimot</span> <span class='ocrx_word' id='word_1_118' title='bbox 601 2616 738 2698; x_wconf 84' lang='lat' dir='ltr'>demum</span> <span class='ocrx_word' id='word_1_119' title='bbox 762 2622 949 2698; x_wconf 83' lang='lat' dir='ltr'>Theodosii</span> <span class='ocrx_word' id='word_1_120' title='bbox 972 2630 1057 2727; x_wconf 82' lang='lat' dir='ltr'>Aug.</span> <span class='ocrx_word' id='word_1_121' title='bbox 1083 2654 1186 2703; x_wconf 79' lang='lat' dir='ltr'>annos</span> <span class='ocrx_word' id='word_1_122' title='bbox 1209 2656 1329 2729; x_wconf 84' lang='lat' dir='ltr'>pacem</span> <span class='ocrx_word' id='word_1_123' title='bbox 1360 2634 1430 2703; x_wconf 92' lang='lat' dir='ltr'>iniit</span> <span class='ocrx_word' id='word_1_124' title='bbox 1467 2658 1543 2706; x_wconf 87' lang='lat' dir='ltr'>curn</span> <span class='ocrx_word' id='word_1_125' title='bbox 1569 2636 1638 2705; x_wconf 87' lang='lat' dir='ltr'>Ro.</span> 
     </span>
     <span class='ocr_line' id='line_1_15' title="bbox 354 2717 1638 2833; baseline 0.015 -45"><span class='ocrx_word' id='word_1_126' title='bbox 354 2722 485 2801; x_wconf 83' lang='lat' dir='ltr'>manis,</span> <span class='ocrx_word' id='word_1_127' title='bbox 510 2723 614 2820; x_wconf 84' lang='lat' dir='ltr'>iisque</span> <span class='ocrx_word' id='word_1_128' title='bbox 636 2717 753 2823; x_wconf 91' lang='lat' dir='ltr'>sponte</span> <span class='ocrx_word' id='word_1_129' title='bbox 777 2728 937 2825; x_wconf 81' lang='lat' dir='ltr'>regione,</span> <span class='ocrx_word' id='word_1_130' title='bbox 961 2752 1061 2825; x_wconf 86' lang='lat' dir='ltr'>quam</span> <span class='ocrx_word' id='word_1_131' title='bbox 1079 2728 1156 2803; x_wconf 87' lang='lat' dir='ltr'>lller</span> <span class='ocrx_word' id='word_1_132' title='bbox 1182 2758 1200 2803; x_wconf 85' lang='lat' dir='ltr'>a</span> <span class='ocrx_word' id='word_1_133' title='bbox 1225 2726 1364 2805; x_wconf 87' lang='lat' dir='ltr'>meridie</span> <span class='ocrx_word' id='word_1_134' title='bbox 1389 2730 1501 2815; x_wconf 91' lang='lat' dir='ltr'>alluit,</span> <span class='ocrx_word' id='word_1_135' title='bbox 1527 2758 1638 2833; x_wconf 79' lang='lat' dir='ltr'>quam·</span> 
     </span>
     <span class='ocr_line' id='line_1_16' title="bbox 353 2814 1696 3021; baseline 0.01 -26"><span class='ocrx_word' id='word_1_136' title='bbox 353 2814 734 3021; x_wconf 45' lang='lat' dir='ltr'>tantillis?</span> <span class='ocrx_word' id='word_1_137' title='bbox 759 2824 1393 3006; x_wconf 48' lang='lat' dir='ltr'>‘ilii‘liifiilui‘qiiuliisillii</span> <span class='ocrx_word' id='word_1_138' title='bbox 1406 2830 1635 3009; x_wconf 56' lang='lat' dir='ltr'>lisii&#39;im‘l</span> <span class='ocrx_word' id='word_1_139' title='bbox 1693 2908 1696 2915; x_wconf 80' lang='grc'><em>·</em></span> 
     </span>
     <span class='ocr_line' id='line_1_17' title="bbox 349 2952 1525 3127; baseline 0.013 -32"><span class='ocrx_word' id='word_1_140' title='bbox 349 3018 470 3095; x_wconf 78' lang='lat' dir='ltr'>lelium</span> <span class='ocrx_word' id='word_1_141' title='bbox 493 3016 567 3096; x_wconf 89' lang='lat' dir='ltr'>sore</span> <span class='ocrx_word' id='word_1_142' title='bbox 591 3030 646 3116; x_wconf 79' lang='lat' dir='ltr'>(a</span> <span class='ocrx_word' id='word_1_143' title='bbox 671 3032 710 3101; x_wconf 89' lang='lat' dir='ltr'>C.</span> <span class='ocrx_word' id='word_1_144' title='bbox 735 2952 837 3121; x_wconf 54' lang='lat'>429)</span> <span class='ocrx_word' id='word_1_145' title='bbox 863 3024 1022 3127; x_wconf 79' lang='lat' dir='ltr'>promisit</span> <span class='ocrx_word' id='word_1_146' title='bbox 1277 2958 1300 3033; x_wconf 75' lang='grc' dir='ltr'><strong><em>Ρ</em></strong></span> <span class='ocrx_word' id='word_1_147' title='bbox 1387 2960 1410 3020; x_wconf 57' lang='grc' dir='ltr'>ῃ</span> <span class='ocrx_word' id='word_1_148' title='bbox 1515 2986 1525 3018; x_wconf 54' lang='grc'><strong>’</strong></span> 
     </span>
    </p>
   </div>
   <div class='ocr_carea' id='block_1_4' title="bbox 347 3150 1647 3663">
    <p class='ocr_par' dir='ltr' id='par_1_4' title="bbox 347 3150 1647 3663">
     <span class='ocr_line' id='line_1_18' title="bbox 456 3150 1635 3259; baseline 0.008 -34"><span class='ocrx_word' id='word_1_149' title='bbox 456 3156 538 3231; x_wconf 83' lang='lat' dir='ltr'>Fato</span> <span class='ocrx_word' id='word_1_150' title='bbox 560 3150 680 3242; x_wconf 65' lang='lat' dir='ltr'>luneio</span> <span class='ocrx_word' id='word_1_151' title='bbox 696 3156 734 3229; x_wconf 92' lang='lat' dir='ltr'>T</span> <span class='ocrx_word' id='word_1_152' title='bbox 734 3152 896 3229; x_wconf 88' lang='lat' dir='ltr'>heodolio</span> <span class='ocrx_word' id='word_1_153' title='bbox 915 3165 1001 3258; x_wconf 86' lang='lat' dir='ltr'><strong>Aug.</strong></span> <span class='ocrx_word' id='word_1_154' title='bbox 1025 3154 1067 3231; x_wconf 92' lang='lat' dir='ltr'>ad</span> <span class='ocrx_word' id='word_1_155' title='bbox 1092 3161 1323 3241; x_wconf 80' lang='lat' dir='ltr'>Marciamrm,</span> <span class='ocrx_word' id='word_1_156' title='bbox 1354 3164 1410 3259; x_wconf 87' lang='lat' dir='ltr'>qui</span> <span class='ocrx_word' id='word_1_157' title='bbox 1435 3158 1495 3259; x_wconf 85' lang='lat' dir='ltr'>ipsi</span> <span class='ocrx_word' id='word_1_158' title='bbox 1518 3164 1553 3232; x_wconf 92' lang='lat' dir='ltr'>in</span> <span class='ocrx_word' id='word_1_159' title='bbox 1573 3167 1635 3235; x_wconf 90' lang='lat' dir='ltr'>im·</span> 
     </span>
     <span class='ocr_line' id='line_1_19' title="bbox 349 3249 1635 3361; baseline 0.007 -32"><span class='ocrx_word' id='word_1_160' title='bbox 349 3260 447 3357; x_wconf 86' lang='lat' dir='ltr'>perio</span> <span class='ocrx_word' id='word_1_161' title='bbox 471 3249 678 3340; x_wconf 77' lang='lat' dir='ltr'>successerat,</span> <span class='ocrx_word' id='word_1_162' title='bbox 696 3254 746 3329; x_wconf 80' lang='lat' dir='ltr'>&#39;de</span> <span class='ocrx_word' id='word_1_163' title='bbox 771 3257 894 3329; x_wconf 78' lang='lat' dir='ltr'>tributis</span> <span class='ocrx_word' id='word_1_164' title='bbox 919 3256 1148 3333; x_wconf 83' lang='lat' dir='ltr'>constituendis</span> <span class='ocrx_word' id='word_1_165' title='bbox 1173 3259 1286 3336; x_wconf 78' lang='lat' dir='ltr'>Attilae</span> <span class='ocrx_word' id='word_1_166' title='bbox 1309 3258 1433 3361; x_wconf 77' lang='lat' dir='ltr'>legator</span> <span class='ocrx_word' id='word_1_167' title='bbox 1459 3258 1554 3335; x_wconf 84' lang='lat' dir='ltr'>milit.</span> <span class='ocrx_word' id='word_1_168' title='bbox 1589 3265 1635 3338; x_wconf 77' lang='lat' dir='ltr'>At</span> 
     </span>
     <span class='ocr_line' id='line_1_20' title="bbox 349 3356 1633 3463; baseline 0.002 -31"><span class='ocrx_word' id='word_1_169' title='bbox 349 3358 432 3441; x_wconf 85' lang='lat' dir='ltr'>hic,</span> <span class='ocrx_word' id='word_1_170' title='bbox 456 3388 476 3434; x_wconf 86' lang='lat' dir='ltr'>a</span> <span class='ocrx_word' id='word_1_171' title='bbox 500 3356 675 3451; x_wconf 77' lang='lat' dir='ltr'>Vandalis,</span> <span class='ocrx_word' id='word_1_172' title='bbox 702 3384 780 3431; x_wconf 89' lang='lat' dir='ltr'>cum</span> <span class='ocrx_word' id='word_1_173' title='bbox 805 3358 919 3458; x_wconf 86' lang='lat' dir='ltr'>quibus</span> <span class='ocrx_word' id='word_1_174' title='bbox 945 3356 1158 3446; x_wconf 77' lang='lat' dir='ltr'>Theodosius</span> <span class='ocrx_word' id='word_1_175' title='bbox 1185 3358 1373 3435; x_wconf 83' lang='lat' dir='ltr'>diutrunum</span> <span class='ocrx_word' id='word_1_176' title='bbox 1410 3358 1544 3463; x_wconf 78' lang='lat' dir='ltr'>gesserat</span> <span class='ocrx_word' id='word_1_177' title='bbox 1567 3360 1633 3435; x_wconf 88' lang='lat' dir='ltr'>bel·</span> 
     </span>
     <span class='ocr_line' id='line_1_21' title="bbox 347 3452 1632 3562; baseline 0.003 -31"><span class='ocrx_word' id='word_1_178' title='bbox 347 3456 449 3542; x_wconf 90' lang='lat' dir='ltr'>lum,</span> <span class='ocrx_word' id='word_1_179' title='bbox 474 3482 556 3561; x_wconf 87' lang='lat' dir='ltr'>pace</span> <span class='ocrx_word' id='word_1_180' title='bbox 575 3454 663 3533; x_wconf 69' lang='lat' dir='ltr'>&#39;sada</span> <span class='ocrx_word' id='word_1_181' title='bbox 687 3452 836 3551; x_wconf 79' lang='lat' dir='ltr'>securus,</span> <span class='ocrx_word' id='word_1_182' title='bbox 866 3455 900 3533; x_wconf 92' lang='lat' dir='ltr'>se</span> <span class='ocrx_word' id='word_1_183' title='bbox 924 3485 1061 3533; x_wconf 87' lang='lat' dir='ltr'>munera</span> <span class='ocrx_word' id='word_1_184' title='bbox 1087 3458 1221 3562; x_wconf 88' lang='lat' dir='ltr'>quidem</span> <span class='ocrx_word' id='word_1_185' title='bbox 1246 3456 1419 3562; x_wconf 85' lang='lat' dir='ltr'>quiescenti</span> <span class='ocrx_word' id='word_1_186' title='bbox 1444 3460 1632 3559; x_wconf 77' lang='lat' dir='ltr'>daturum,</span> 
     </span>
     <span class='ocr_line' id='line_1_22' title="bbox 349 3554 1647 3663; baseline 0 -28"><span class='ocrx_word' id='word_1_187' title='bbox 349 3564 488 3635; x_wconf 86' lang='lat' dir='ltr'>minirue</span> <span class='ocrx_word' id='word_1_188' title='bbox 520 3584 600 3633; x_wconf 81' lang='lat' dir='ltr'>vero</span> <span class='ocrx_word' id='word_1_189' title='bbox 637 3559 753 3649; x_wconf 83' lang='lat' dir='ltr'>tributa</span> <span class='ocrx_word' id='word_1_190' title='bbox 783 3554 961 3659; x_wconf 87' lang='lat' dir='ltr'>pensurum</span> <span class='ocrx_word' id='word_1_191' title='bbox 998 3558 1061 3633; x_wconf 83' lang='lat' dir='ltr'>effe</span> <span class='ocrx_word' id='word_1_192' title='bbox 1102 3558 1276 3659; x_wconf 70' lang='lat' dir='ltr'>respondit.</span> <span class='ocrx_word' id='word_1_193' title='bbox 1324 3567 1389 3641; x_wconf 79' lang='lat' dir='ltr'>Sub</span> <span class='ocrx_word' id='word_1_194' title='bbox 1425 3565 1492 3637; x_wconf 88' lang='lat' dir='ltr'>hoc</span> <span class='ocrx_word' id='word_1_195' title='bbox 1526 3558 1647 3663; x_wconf 87' lang='lat' dir='ltr'>ipsum·</span> 
     </span>
    </p>
   </div>
   <div class='ocr_carea' id='block_1_5' title="bbox 349 3658 1738 3762">
    <p class='ocr_par' dir='ltr' id='par_1_5' title="bbox 349 3658 1738 3762">
     <span class='ocr_line' id='line_1_23' title="bbox 349 3658 1738 3762; baseline -0.001 -27"><span class='ocrx_word' id='word_1_196' title='bbox 349 3676 482 3762; x_wconf 75' lang='lat' dir='ltr'>tempus</span> <span class='ocrx_word' id='word_1_197' title='bbox 506 3662 632 3745; x_wconf 85' lang='lat' dir='ltr'>Gothi,</span> <span class='ocrx_word' id='word_1_198' title='bbox 674 3686 757 3759; x_wconf 84' lang='lat' dir='ltr'>quot</span> <span class='ocrx_word' id='word_1_199' title='bbox 777 3658 896 3738; x_wconf 75' lang='lat' dir='ltr'>‚Attilae</span> <span class='ocrx_word' id='word_1_200' title='bbox 922 3660 965 3733; x_wconf 89' lang='lat' dir='ltr'>ad</span> <span class='ocrx_word' id='word_1_201' title='bbox 991 3661 1253 3749; x_wconf 74' lang='lat' dir='ltr'>Valentinianum</span> <span class='ocrx_word' id='word_1_202' title='bbox 1280 3674 1366 3762; x_wconf 84' lang='lat' dir='ltr'>Aug.</span> <span class='ocrx_word' id='word_1_203' title='bbox 1404 3661 1445 3735; x_wconf 92' lang='lat' dir='ltr'>de</span> <span class='ocrx_word' id='word_1_204' title='bbox 1480 3668 1633 3737; x_wconf 87' lang='lat' dir='ltr'>Honoria</span> <span class='ocrx_word' id='word_1_205' title='bbox 1730 3666 1738 3683; x_wconf 88' lang='lat'><em>&#39;</em></span> 
     </span>
    </p>
   </div>
   <div class='ocr_carea' id='block_1_6' title="bbox 343 3758 1660 3965">
    <p class='ocr_par' dir='ltr' id='par_1_6' title="bbox 343 3758 1660 3965">
     <span class='ocr_line' id='line_1_24' title="bbox 346 3758 1660 3861; baseline -0.004 -25"><span class='ocrx_word' id='word_1_206' title='bbox 346 3758 408 3836; x_wconf 83' lang='lat' dir='ltr'>sthi</span> <span class='ocrx_word' id='word_1_207' title='bbox 432 3771 468 3836; x_wconf 91' lang='lat' dir='ltr'>in</span> <span class='ocrx_word' id='word_1_208' title='bbox 481 3766 740 3851; x_wconf 60' lang='lat' dir='ltr'>&lt;minumum</span> <span class='ocrx_word' id='word_1_209' title='bbox 766 3758 872 3833; x_wconf 82' lang='lat' dir='ltr'>danda</span> <span class='ocrx_word' id='word_1_210' title='bbox 898 3758 1050 3843; x_wconf 71' lang='lat' dir='ltr'>miserat,</span> <span class='ocrx_word' id='word_1_211' title='bbox 1071 3762 1240 3861; x_wconf 79' lang='lat' dir='ltr'>legationis</span> <span class='ocrx_word' id='word_1_212' title='bbox 1265 3764 1342 3837; x_wconf 88' lang='lat' dir='ltr'>irriti</span> <span class='ocrx_word' id='word_1_213' title='bbox 1368 3760 1539 3853; x_wconf 82' lang='lat' dir='ltr'>redierunt.</span> <span class='ocrx_word' id='word_1_214' title='bbox 1562 3767 1632 3843; x_wconf 69' lang='lat' dir='ltr'>Du,-</span> <span class='ocrx_word' id='word_1_215' title='bbox 1658 3824 1660 3830; x_wconf 93' lang='lat'><em>.</em></span> 
     </span>
     <span class='ocr_line' id='line_1_25' title="bbox 343 3858 1632 3965; baseline -0.001 -30"><span class='ocrx_word' id='word_1_216' title='bbox 343 3861 424 3965; x_wconf 87' lang='lat' dir='ltr'>plici</span> <span class='ocrx_word' id='word_1_217' title='bbox 446 3866 511 3939; x_wconf 85' lang='lat' dir='ltr'>ltac</span> <span class='ocrx_word' id='word_1_218' title='bbox 532 3866 670 3937; x_wconf 74' lang='lat' dir='ltr'>mirans</span> <span class='ocrx_word' id='word_1_219' title='bbox 686 3859 797 3937; x_wconf 75' lang='lat' dir='ltr'>Attilae</span> <span class='ocrx_word' id='word_1_220' title='bbox 819 3858 969 3959; x_wconf 76' lang='lat' dir='ltr'>repella,</span> <span class='ocrx_word' id='word_1_221' title='bbox 992 3888 1082 3935; x_wconf 89' lang='lat' dir='ltr'>arma</span> <span class='ocrx_word' id='word_1_222' title='bbox 1099 3866 1246 3961; x_wconf 83' lang='lat' dir='ltr'>primum</span> <span class='ocrx_word' id='word_1_223' title='bbox 1271 3866 1305 3933; x_wconf 88' lang='lat' dir='ltr'>in</span> <span class='ocrx_word' id='word_1_224' title='bbox 1321 3859 1536 3939; x_wconf 80' lang='lat' dir='ltr'>Occidentem</span> <span class='ocrx_word' id='word_1_225' title='bbox 1553 3888 1632 3936; x_wconf 84' lang='lat' dir='ltr'>com</span> 
     </span>
    </p>
   </div>
   <div class='ocr_carea' id='block_1_7' title="bbox 345 3960 1785 4266">
    <p class='ocr_par' dir='ltr' id='par_1_7' title="bbox 345 3960 1785 4266">
     <span class='ocr_line' id='line_1_26' title="bbox 345 3960 1785 4063; baseline -0.003 -24"><span class='ocrx_word' id='word_1_226' title='bbox 345 3969 468 4048; x_wconf 86' lang='lat' dir='ltr'>uenit,</span> <span class='ocrx_word' id='word_1_227' title='bbox 512 3983 546 4037; x_wconf 93' lang='lat' dir='ltr'>et</span> <span class='ocrx_word' id='word_1_228' title='bbox 585 3969 621 4037; x_wconf 91' lang='lat' dir='ltr'>in</span> <span class='ocrx_word' id='word_1_229' title='bbox 645 3963 782 4057; x_wconf 80' lang='lat' dir='ltr'>Galliam</span> <span class='ocrx_word' id='word_1_230' title='bbox 816 3988 918 4063; x_wconf 76' lang='lat' dir='ltr'>reque</span> <span class='ocrx_word' id='word_1_231' title='bbox 958 3984 1129 4061; x_wconf 85' lang='lat' dir='ltr'>penetrans</span> <span class='ocrx_word' id='word_1_232' title='bbox 1167 3960 1210 4036; x_wconf 84' lang='lat' dir='ltr'>ad</span> <span class='ocrx_word' id='word_1_233' title='bbox 1236 3964 1485 4039; x_wconf 79' lang='lat' dir='ltr'>Aruelianorum</span> <span class='ocrx_word' id='word_1_234' title='bbox 1516 3964 1631 4039; x_wconf 79' lang='lat' dir='ltr'>vrbem</span> <span class='ocrx_word' id='word_1_235' title='bbox 1781 4039 1785 4048; x_wconf 60' lang='grc'>,</span> 
     </span>
     <span class='ocr_line' id='line_1_27' title="bbox 347 4058 1765 4167; baseline 0.003 -28"><span class='ocrx_word' id='word_1_236' title='bbox 347 4091 428 4139; x_wconf 87' lang='lat' dir='ltr'>cum</span> <span class='ocrx_word' id='word_1_237' title='bbox 453 4068 612 4141; x_wconf 78' lang='lat' dir='ltr'>Romanis</span> <span class='ocrx_word' id='word_1_238' title='bbox 637 4060 721 4138; x_wconf 89' lang='lat' dir='ltr'>dnce</span> <span class='ocrx_word' id='word_1_239' title='bbox 742 4068 846 4141; x_wconf 80' lang='lat' dir='ltr'>Aetio</span> <span class='ocrx_word' id='word_1_240' title='bbox 869 4062 996 4161; x_wconf 89' lang='lat' dir='ltr'>proelio</span> <span class='ocrx_word' id='word_1_241' title='bbox 1024 4090 1088 4137; x_wconf 90' lang='lat' dir='ltr'>con</span> <span class='ocrx_word' id='word_1_242' title='bbox 1129 4058 1209 4137; x_wconf 72' lang='lat' dir='ltr'>elliu</span> <span class='ocrx_word' id='word_1_243' title='bbox 1235 4063 1303 4137; x_wconf 85' lang='lat' dir='ltr'>est:</span> <span class='ocrx_word' id='word_1_244' title='bbox 1338 4060 1394 4139; x_wconf 90' lang='lat' dir='ltr'>sed</span> <span class='ocrx_word' id='word_1_245' title='bbox 1419 4068 1544 4167; x_wconf 84' lang='lat' dir='ltr'>ingenti</span> <span class='ocrx_word' id='word_1_246' title='bbox 1567 4063 1632 4140; x_wconf 82' lang='lat' dir='ltr'>illie</span> <span class='ocrx_word' id='word_1_247' title='bbox 1755 4119 1765 4143; x_wconf 54' lang='lat' dir='ltr'>r</span> 
     </span>
     <span class='ocr_line' id='line_1_28' title="bbox 346 4162 1756 4266; baseline -0.001 -25"><span class='ocrx_word' id='word_1_248' title='bbox 346 4162 442 4241; x_wconf 88' lang='lat' dir='ltr'>clade</span> <span class='ocrx_word' id='word_1_249' title='bbox 466 4162 600 4241; x_wconf 64' lang='lat' dir='ltr'>affectio</span> <span class='ocrx_word' id='word_1_250' title='bbox 625 4164 667 4238; x_wconf 88' lang='lat' dir='ltr'>ad</span> <span class='ocrx_word' id='word_1_251' title='bbox 690 4165 807 4240; x_wconf 87' lang='lat' dir='ltr'>Istrum</span> <span class='ocrx_word' id='word_1_252' title='bbox 831 4170 973 4239; x_wconf 88' lang='lat' dir='ltr'>reuertit.</span> <span class='ocrx_word' id='word_1_253' title='bbox 1021 4166 1087 4239; x_wconf 89' lang='lat' dir='ltr'>Sub</span> <span class='ocrx_word' id='word_1_254' title='bbox 1099 4186 1154 4241; x_wconf 88' lang='lat' dir='ltr'>ato</span> <span class='ocrx_word' id='word_1_255' title='bbox 1181 4164 1261 4241; x_wconf 85' lang='lat' dir='ltr'>vcro</span> <span class='ocrx_word' id='word_1_256' title='bbox 1285 4163 1376 4243; x_wconf 83' lang='lat' dir='ltr'>breui</span> <span class='ocrx_word' id='word_1_257' title='bbox 1395 4166 1484 4266; x_wconf 61' lang='lat' dir='ltr'>‘poll</span> <span class='ocrx_word' id='word_1_258' title='bbox 1509 4170 1630 4251; x_wconf 83' lang='lat' dir='ltr'>Aetio,</span> <span class='ocrx_word' id='word_1_259' title='bbox 1753 4232 1756 4239; x_wconf 85' lang='lat'><em>.</em></span> 
     </span>
    </p>
   </div>
   <div class='ocr_carea' id='block_1_8' title="bbox 342 4261 1640 4467">
    <p class='ocr_par' dir='ltr' id='par_1_8' title="bbox 342 4261 1640 4467">
     <span class='ocr_line' id='line_1_29' title="bbox 342 4261 1629 4365; baseline -0.003 -22"><span class='ocrx_word' id='word_1_260' title='bbox 342 4270 464 4343; x_wconf 89' lang='lat' dir='ltr'>iterum</span> <span class='ocrx_word' id='word_1_261' title='bbox 489 4263 706 4342; x_wconf 85' lang='lat' dir='ltr'>Occidentem</span> <span class='ocrx_word' id='word_1_262' title='bbox 730 4265 815 4339; x_wconf 90' lang='lat' dir='ltr'>bello</span> <span class='ocrx_word' id='word_1_263' title='bbox 841 4270 933 4365; x_wconf 88' lang='lat' dir='ltr'>petiit</span> <span class='ocrx_word' id='word_1_264' title='bbox 957 4266 1091 4351; x_wconf 78' lang='lat' dir='ltr'>Anias,</span> <span class='ocrx_word' id='word_1_265' title='bbox 1123 4287 1155 4341; x_wconf 89' lang='lat' dir='ltr'>et</span> <span class='ocrx_word' id='word_1_266' title='bbox 1179 4261 1326 4341; x_wconf 82' lang='lat' dir='ltr'>vniuersa</span> <span class='ocrx_word' id='word_1_267' title='bbox 1352 4272 1486 4359; x_wconf 77' lang='lat' dir='ltr'>Francia</span> <span class='ocrx_word' id='word_1_268' title='bbox 1513 4262 1629 4339; x_wconf 86' lang='lat' dir='ltr'>crude·</span> 
     </span>
     <span class='ocr_line' id='line_1_30' title="bbox 343 4364 1640 4467; baseline -0.004 -22"><span class='ocrx_word' id='word_1_269' title='bbox 343 4366 463 4445; x_wconf 83' lang='lat' dir='ltr'>lillime</span> <span class='ocrx_word' id='word_1_270' title='bbox 486 4367 623 4452; x_wconf 83' lang='lat' dir='ltr'>vallata,</span> <span class='ocrx_word' id='word_1_271' title='bbox 646 4372 681 4441; x_wconf 91' lang='lat' dir='ltr'>in</span> <span class='ocrx_word' id='word_1_272' title='bbox 704 4364 809 4439; x_wconf 88' lang='lat' dir='ltr'>reditu</span> <span class='ocrx_word' id='word_1_273' title='bbox 833 4368 1038 4467; x_wconf 82' lang='lat' dir='ltr'>Aquileiam,</span> <span class='ocrx_word' id='word_1_274' title='bbox 1079 4370 1193 4455; x_wconf 85' lang='lat' dir='ltr'>vrbem</span> <span class='ocrx_word' id='word_1_275' title='bbox 1233 4366 1275 4441; x_wconf 89' lang='lat' dir='ltr'>ad</span> <span class='ocrx_word' id='word_1_276' title='bbox 1298 4364 1405 4443; x_wconf 86' lang='lat' dir='ltr'>smum</span> <span class='ocrx_word' id='word_1_277' title='bbox 1429 4372 1559 4458; x_wconf 85' lang='lat' dir='ltr'>Ionium</span> <span class='ocrx_word' id='word_1_278' title='bbox 1577 4364 1640 4440; x_wconf 76' lang='lat' dir='ltr'>st·-</span> 
     </span>
    </p>
   </div>
   <div class='ocr_carea' id='block_1_9' title="bbox 329 4460 1769 4561">
    <p class='ocr_par' dir='ltr' id='par_1_9' title="bbox 329 4460 1769 4561">
     <span class='ocr_line' id='line_1_31' title="bbox 329 4460 1769 4561; baseline -0.006 -14"><span class='ocrx_word' id='word_1_279' title='bbox 329 4488 414 4547; x_wconf 54' lang='lat' dir='ltr'>‘tarn</span> <span class='ocrx_word' id='word_1_280' title='bbox 438 4468 705 4553; x_wconf 81' lang='lat' dir='ltr'>celeberrimam,</span> <span class='ocrx_word' id='word_1_281' title='bbox 730 4465 837 4543; x_wconf 79' lang='lat' dir='ltr'>diruit</span> <span class='ocrx_word' id='word_1_282' title='bbox 863 4474 910 4543; x_wconf 85' lang='lat' dir='ltr'>lta</span> <span class='ocrx_word' id='word_1_283' title='bbox 934 4464 1079 4561; x_wconf 79' lang='lat' dir='ltr'>demum</span> <span class='ocrx_word' id='word_1_284' title='bbox 1097 4471 1205 4544; x_wconf 72' lang='lat' dir='ltr'>victor·</span> <span class='ocrx_word' id='word_1_285' title='bbox 1224 4473 1262 4543; x_wconf 91' lang='lat' dir='ltr'>in</span> <span class='ocrx_word' id='word_1_286' title='bbox 1280 4473 1451 4545; x_wconf 85' lang='lat' dir='ltr'>Orientem</span> <span class='ocrx_word' id='word_1_287' title='bbox 1474 4460 1629 4553; x_wconf 80' lang='lat' dir='ltr'>reuersut,</span> <span class='ocrx_word' id='word_1_288' title='bbox 1765 4516 1769 4525; x_wconf 71' lang='grc'><strong>»</strong></span> 
     </span>
    </p>
   </div>
   <div class='ocr_carea' id='block_1_10' title="bbox 211 4564 1642 4971">
    <p class='ocr_par' dir='ltr' id='par_1_10' title="bbox 211 4564 1642 4971">
     <span class='ocr_line' id='line_1_32' title="bbox 344 4564 1642 4672; baseline -0.001 -28"><span class='ocrx_word' id='word_1_289' title='bbox 344 4567 439 4672; x_wconf 88' lang='lat' dir='ltr'>quod</span> <span class='ocrx_word' id='word_1_290' title='bbox 464 4567 589 4645; x_wconf 89' lang='lat' dir='ltr'>iamdiu</span> <span class='ocrx_word' id='word_1_291' title='bbox 612 4567 849 4650; x_wconf 80' lang='lat' dir='ltr'>meditabanrr,</span> <span class='ocrx_word' id='word_1_292' title='bbox 888 4564 1037 4644; x_wconf 82' lang='lat' dir='ltr'>aduersus</span> <span class='ocrx_word' id='word_1_293' title='bbox 1062 4574 1270 4647; x_wconf 86' lang='lat' dir='ltr'>Marcianum</span> <span class='ocrx_word' id='word_1_294' title='bbox 1301 4565 1459 4671; x_wconf 90' lang='lat' dir='ltr'>suscipere</span> <span class='ocrx_word' id='word_1_295' title='bbox 1499 4570 1642 4670; x_wconf 76' lang='lat' dir='ltr'>parabat‘</span> 
     </span>
     <span class='ocr_line' id='line_1_33' title="bbox 341 4666 1627 4767; baseline -0.005 -18"><span class='ocrx_word' id='word_1_296' title='bbox 341 4670 476 4749; x_wconf 74' lang='lat' dir='ltr'>beilum</span> <span class='ocrx_word' id='word_1_297' title='bbox 526 4667 592 4747; x_wconf 87' lang='lat' dir='ltr'>Sed</span> <span class='ocrx_word' id='word_1_298' title='bbox 616 4692 694 4745; x_wconf 86' lang='lat' dir='ltr'>nme</span> <span class='ocrx_word' id='word_1_299' title='bbox 717 4666 806 4744; x_wconf 83' lang='lat' dir='ltr'>felici</span> <span class='ocrx_word' id='word_1_300' title='bbox 830 4667 976 4767; x_wconf 84' lang='lat' dir='ltr'>quodam</span> <span class='ocrx_word' id='word_1_301' title='bbox 1000 4666 1116 4744; x_wconf 88' lang='lat' dir='ltr'>accidit</span> <span class='ocrx_word' id='word_1_302' title='bbox 1138 4674 1373 4747; x_wconf 79' lang='lat' dir='ltr'>Romanorum</span> <span class='ocrx_word' id='word_1_303' title='bbox 1398 4668 1490 4755; x_wconf 79' lang='lat' dir='ltr'>sate,</span> <span class='ocrx_word' id='word_1_304' title='bbox 1515 4688 1552 4744; x_wconf 86' lang='lat' dir='ltr'>vt</span> <span class='ocrx_word' id='word_1_305' title='bbox 1565 4676 1627 4743; x_wconf 83' lang='lat' dir='ltr'>At·</span> 
     </span>
     <span class='ocr_line' id='line_1_34' title="bbox 211 4764 1627 4872; baseline -0.004 -23"><span class='ocrx_word' id='word_1_306' title='bbox 211 4861 212 4872; x_wconf 14' lang='lat'>,</span> <span class='ocrx_word' id='word_1_307' title='bbox 340 4772 412 4849; x_wconf 82' lang='lat' dir='ltr'>tilae</span> <span class='ocrx_word' id='word_1_308' title='bbox 436 4766 502 4871; x_wconf 76' lang='lat' dir='ltr'>ipse</span> <span class='ocrx_word' id='word_1_309' title='bbox 528 4777 740 4872; x_wconf 79' lang='lat' dir='ltr'>nupn&#39;anun,</span> <span class='ocrx_word' id='word_1_310' title='bbox 765 4784 843 4871; x_wconf 64' lang='lat' dir='ltr'>quat</span> <span class='ocrx_word' id='word_1_311' title='bbox 873 4788 951 4843; x_wconf 91' lang='lat' dir='ltr'>tunc</span> <span class='ocrx_word' id='word_1_312' title='bbox 975 4770 1174 4854; x_wconf 86' lang='lat' dir='ltr'>celebrabat,</span> <span class='ocrx_word' id='word_1_313' title='bbox 1199 4774 1324 4855; x_wconf 73' lang='lat' dir='ltr'>nocte,</span> <span class='ocrx_word' id='word_1_314' title='bbox 1348 4770 1455 4849; x_wconf 84' lang='lat' dir='ltr'>multo</span> <span class='ocrx_word' id='word_1_315' title='bbox 1471 4764 1627 4869; x_wconf 72' lang='lat' dir='ltr'>sanguine</span> 
     </span>
     <span class='ocr_line' id='line_1_35' title="bbox 342 4872 1600 4971; baseline -0.011 -18"><span class='ocrx_word' id='word_1_316' title='bbox 342 4900 386 4953; x_wconf 82' lang='lat' dir='ltr'>ex</span> <span class='ocrx_word' id='word_1_317' title='bbox 414 4899 474 4951; x_wconf 89' lang='lat' dir='ltr'>ote</span> <span class='ocrx_word' id='word_1_318' title='bbox 499 4877 565 4948; x_wconf 84' lang='lat' dir='ltr'>eius</span> <span class='ocrx_word' id='word_1_319' title='bbox 591 4894 624 4948; x_wconf 92' lang='lat' dir='ltr'>et</span> <span class='ocrx_word' id='word_1_320' title='bbox 646 4872 774 4949; x_wconf 75' lang='lat' dir='ltr'>naribus</span> <span class='ocrx_word' id='word_1_321' title='bbox 802 4889 1018 4971; x_wconf 80' lang='lat' dir='ltr'>erumpente,</span> <span class='ocrx_word' id='word_1_322' title='bbox 1044 4888 1235 4945; x_wconf 80' lang='lat' dir='ltr'>morerentr.</span> <span class='ocrx_word' id='word_1_323' title='bbox 1546 4922 1550 4931; x_wconf 84' lang='lat'><em>.</em></span> <span class='ocrx_word' id='word_1_324' title='bbox 1597 4882 1600 4893; x_wconf 86' lang='lat'>&#39;</span> 
     </span>
    </p>
   </div>
   <div class='ocr_carea' id='block_1_11' title="bbox 267 4992 1627 5297">
    <p class='ocr_par' dir='ltr' id='par_1_11' title="bbox 267 4992 1627 5297">
     <span class='ocr_line' id='line_1_36' title="bbox 447 4992 1627 5099; baseline -0.005 -22"><span class='ocrx_word' id='word_1_325' title='bbox 447 5005 653 5077; x_wconf 87' lang='lat' dir='ltr'>Hunnorum</span> <span class='ocrx_word' id='word_1_326' title='bbox 678 5021 789 5077; x_wconf 67' lang='lat' dir='ltr'>aretem</span> <span class='ocrx_word' id='word_1_327' title='bbox 810 5004 988 5099; x_wconf 77' lang='lat' dir='ltr'>inperium</span> <span class='ocrx_word' id='word_1_328' title='bbox 1015 4994 1073 5072; x_wconf 88' lang='lat' dir='ltr'>sub</span> <span class='ocrx_word' id='word_1_329' title='bbox 1103 4996 1175 5071; x_wconf 84' lang='lat' dir='ltr'>liliit</span> <span class='ocrx_word' id='word_1_330' title='bbox 1198 4993 1316 5072; x_wconf 76' lang='lat' dir='ltr'>Attilae</span> <span class='ocrx_word' id='word_1_331' title='bbox 1349 4992 1472 5074; x_wconf 85' lang='lat' dir='ltr'>seusun</span> <span class='ocrx_word' id='word_1_332' title='bbox 1495 4992 1627 5089; x_wconf 62' lang='lat' dir='ltr'>tactim</span> 
     </span>
     <span class='ocr_line' id='line_1_37' title="bbox 267 5095 1626 5297; baseline 0.013 -110"><span class='ocrx_word' id='word_1_333' title='bbox 267 5232 275 5243; x_wconf 13' lang='grc' dir='ltr'>ἢ</span> <span class='ocrx_word' id='word_1_334' title='bbox 338 5118 439 5192; x_wconf 79' lang='lat' dir='ltr'>nn,</span> <span class='ocrx_word' id='word_1_335' title='bbox 470 5108 677 5209; x_wconf 65' lang='lat' dir='ltr'>negano</span> <span class='ocrx_word' id='word_1_336' title='bbox 704 5100 837 5183; x_wconf 71' lang='lat' dir='ltr'>andem</span> <span class='ocrx_word' id='word_1_337' title='bbox 864 5099 1053 5297; x_wconf 36' lang='lat' dir='ltr'>oppinio</span> <span class='ocrx_word' id='word_1_338' title='bbox 1088 5103 1299 5216; x_wconf 61' lang='lat' dir='ltr'>enom</span> <span class='ocrx_word' id='word_1_339' title='bbox 1329 5095 1462 5201; x_wconf 68' lang='lat' dir='ltr'>neo,</span> <span class='ocrx_word' id='word_1_340' title='bbox 1487 5116 1626 5269; x_wconf 49' lang='grc' dir='ltr'>»Ἓξ</span> 
     </span>
    </p>
   </div>
   <div class='ocr_carea' id='block_1_12' title="bbox 0 0 2464 6992">
    <p class='ocr_par' dir='ltr' id='par_1_12' title="bbox 0 0 2464 6992">
     <span class='ocr_line' id='line_1_38' title="bbox 0 0 2464 6992; baseline 0 6"><span class='ocrx_word' id='word_1_341' title='bbox 0 0 2464 6992; x_wconf 95' lang='lat' dir='ltr'> </span> 
     </span>
    </p>
   </div>
  </div>
 </body>
</html>
