4917 6992
860 1207 1068 1290 cntra·
1093 1213 1137 1289 v.
1198 1157 1208 1174 ²

1219 1391 1233 1427 0

888 1437 919 1486 a
939 1417 981 1488 θ.
1006 1433 1086 1507 ate

924 1611 954 1710 §-
979 1635 1026 1706 57·

448 1769 523 1843 Not
548 1790 627 1842 vero
652 1793 731 1844 curn
754 1771 875 1845 barbari
901 1780 1093 1848 miraremur
1118 1779 1216 1851 animi
1228 1777 1476 1874 inpotentiam,
1502 1775 1637 1854 Romu·
1688 1845 1692 1850 .

341 1871 407 1952 lus,
431 1875 480 1943 vir
494 1867 612 1977 ‘multis
625 1870 954 1950 honorificentilhmis
979 1875 1191 1978 legationibus
1215 1871 1368 1958 sanetus,
1395 1895 1427 1948 et
1450 1875 1556 1951 multo
1580 1905 1629 1952 re·
1741 1877 1745 1882 ’

341 1975 422 2048 rum
447 1966 501 2046 alh
515 1967 692 2071 praeditus,
719 1979 785 2059 ait,
808 1973 994 2050 Secundam
1020 1971 1209 2060 fortunam,
1236 1999 1318 2076 quae
1341 1970 1450 2075 ipsum
1472 1981 1509 2050 in
1525 1977 1628 2054 altiffi·

341 2100 405 2147 mo
434 2069 537 2172 gradu
573 2071 770 2160 collocauit,
809 2072 932 2177 spiritus
965 2073 1094 2163 facere,
1128 2100 1161 2154 et
1193 2104 1235 2151 ex
1266 2075 1399 2151 somma
1457 2077 1624 2157 otesletem

338 2171 501 2273 adeptrun
527 2165 654 2259 efferri,
678 2202 785 2275 neque
810 2177 894 2252 iustis
919 2169 1117 2252 sermonibus
1145 2175 1245 2254 ullum
1272 2175 1358 2277 apud
1380 2105 1552 2252 selocum
1576 2205 1626 2254 re·

339 2275 511 2376 linquere,
537 2299 644 2374 neque
671 2283 879 2377 quicquam,
911 2277 970 2352 nist
1004 2278 1096 2380 quod
1127 2277 1184 2356 fibi
1217 2284 1340 2352 venerit
1377 2282 1412 2350 in
1449 2299 1616 2365 mentem,
1638 2289 1668 2380 J

336 2403 484 2476 ¹aequum
508 2377 639 2476 putare.'
678 2385 794 2452 Nemo
821 2405 964 2480 unquam
990 2407 1132 2464 cortun,
1157 2385 1212 2482 qui
1238 2387 1273 2453 in
1298 2381 1455 2473 Scythia,
1480 2380 1534 2454 vel
1552 2380 1625 2455 alibi
1659 2459 1669 2474 .

338 2495 541 2577 regnarunt,
573 2495 672 2550 tantae
696 2505 747 2552 res
772 2483 953 2555 tam'breui
977 2501 1127 2581 tempore
1158 2478 1262 2584 geffit.
1314 2481 1438 2554 Totius
1470 2483 1625 2574 Scythiae

340 2575 549 2650 dominatum
574 2573 631 2650 fibi
656 2586 874 2678 comparauit,
902 2603 934 2656 et
960 2579 1001 2653 ad
1029 2588 1153 2657 Oceani
1180 2578 1295 2654 insulas
1320 2606 1421 2680 vsque
1445 2585 1624 2680 imperium
1741 2611 1744 2615 ·

337 2676 436 2752 suum
463 2673 631 2760 extendit,
654 2699 689 2754 vt
712 2687 809 2755 etiarn
834 2687 1006 2757 Romanos
1032 2685 1228 2756 tributorum
1242 2679 1447 2782 praestationi
1458 2676 1633 2756 obnoxior
1752 2709 1756 2720 ’

338 2781 465 2852 haheat.
516 2781 589 2849 Nec
612 2781 661 2852 his
687 2802 862 2856 contentnr
882 2782 924 2855 ad
949 2781 1050 2882 longe
1086 2787 1210 2856 maiora
1239 2786 1385 2853 animum
1418 2777 1555 2866 adiecit,
1588 2801 1622 2856 et

335 2879 429 2962 latim
454 2883 582 2982 imperii
605 2874 652 2954 sui
676 2878 757 2956 fines
779 2881 1001 2987 protendere,
1028 2901 1060 2959 et
1086 2879 1191 2962 Persas
1216 2881 1301 2959 bello
1325 2880 1462 2985 aggredi
1491 2887 1621 2985 cogitet.
1724 2876 1728 2884 ’

919 3089 951 3190 l
977 3099 1024 3186 58·

438 3249 520 3323 Vno
546 3275 587 3324 ex
609 3253 703 3326 nobis
726 3255 969 3356 interrogante,
997 3279 1080 3357 quae
1104 3256 1155 3328 via
1179 3280 1198 3330 e
1226 3253 1360 3349 Scythia
1380 3257 1417 3327 in
1440 3245 1546 3328 Persas
1564 3249 1625 3328 du·
1723 3273 1726 3285 ·

336 3355 449 3426 ecret?
474 3351 636 3426 Romulus
662 3353 765 3426 dixit:
792 3383 863 3428 non
888 3356 993 3461 longo
1019 3355 1174 3429 locorum
1198 3355 1367 3430 interudlo
1394 3352 1518 3429 Medos
1539 3352 1625 3428 diiii.

336 3475 388 3527 tos
412 3447 474 3528 else
501 3481 518 3524 a
542 3457 696 3548 Scythia,
722 3481 830 3556 neque
854 3450 930 3531 non
949 3463 985 3526 r)
1010 3461 1153 3532 Hunnoa
1179 3457 1265 3532 hanc
1289 3463 1377 3531 viam
1391 3452 1538 3538 nescire,
1564 3451 1621 3528 sed

333 3553 418 3628 elim
445 3548 533 3626 same
559 3581 758 3653 petentum
783 3564 952 3658 regionem
980 3554 1160 3658 gradante,
1201 3585 1280 3652 cum
1308 3563 1454 3633 Romani
1479 3571 1629 3656 'propter

334 3654 480 3737 helsum,
508 3651 598 3754 quod
622 3673 701 3729 tunc
727 3665 884 3756 temporis
910 3661 1085 3760 gerebant,
1111 3661 1260 3731 minime
1285 3686 1362 3731 cunt
1398 3657 1456 3731 illis
1492 3655 1621 3754 proelio

337 3755 559 3840 decertarent,
584 3758 646 3828 hac
666 3753 831 3856 irrupisse,
857 3779 888 3832 et
902 3758 942 3832 ad
957 3757 1140 3832 Medorum
1164 3757 1287 3856 oppida
1300 3762 1394 3830 Bazic
1420 3776 1452 3830 et
1465 3751 1624 3829 Cursic⁵l

336 3883 436 3958 usque
461 3852 645 3958 penetrasse.
697 3861 770 3930 Nec
794 3859 898 3932 multo
925 3858 997 3959 posl
1023 3862 1182 3958 principer¹
1204 3885 1248 3932 ex
1272 3859 1471 3955 Scytharum
1492 3856 1623 3956 regibus

306 4003 310 4010 ·
336 3979 448 4042 ortos,
474 3983 612 4057 magnae
638 3963 815 4032 hominum
840 3957 1036 4034 multitudini
1061 3965 1280 4060 imperantes,
1312 3965 1367 4058 qui
1393 3955 1436 4030 ad
1460 3959 1545 4028 hanc
1569 3980 1625 4028 ex·

334 4059 535 4161 peditionetn
560 4055 673 4159 egreffi
697 4055 846 4144 fuerant,
871 4065 1017 4134 Romam
1042 4057 1083 4134 ad
1109 4056 1363 4133 contrahendam
1383 4051 1626 4154 armorumiso-
1717 4063 1724 4072 ’
1770 4071 1775 4079 ’

337 4167 484 4246 cietatem
511 4158 637 4239 veniffe.
684 4167 758 4236 Hos
783 4159 941 4246 narrasse,
972 4189 1031 4260 per
1063 4157 1229 4264 quandam
1256 4156 1412 4234 desertam
1445 4163 1619 4254 regionem

336 4261 396 4338 illis
421 4267 481 4334 iter
503 4257 617 4344 finisse,
650 4279 682 4334 et
706 4261 859 4362 paludem
890 4257 1063 4356 traiecissE,
1099 4289 1198 4362 quam
1221 4262 1385 4336 Romtdua
1420 4259 1621 4333 existimabat

338 4359 400 4437 effe
425 4361 649 4438 Maeotidetnl
661 4365 695 4436 l:
724 4362 840 4438 deinde
867 4362 1053 4466 quindecim
1079 4361 1188 4437 diebus
1216 4359 1351 4462 elapfis,
1384 4355 1620 4462 aquibusdam
1731 4371 1735 4376 '

334 4465 525 4549 montibus,
558 4489 640 4566 quoe
665 4457 879 4568 superassent,
916 4471 951 4540 in
974 4462 1124 4546 Mediam
1160 4458 1365 4538 descendisse.
1412 4464 1461 4538 lbi
1484 4457 1647 4564 praedae*

1520 4587 1621 4663 agen·
1735 4613 1738 4617 ·

377 4715 420 4798 r)
444 4736 518 4800 nou,
541 4717 693 4786 redundat.
1005 4735 1141 4802 etheroev
1164 4717 1322 4804 Σκυθῶν.

373 4813 412 4908 s)
439 4811 729 4918 welcumeston
755 4805 789 4897 de
826 4819 861 4898 ἒς
889 4843 951 4907 rav
1022 4825 1087 4964 st)
1113 4891 1184 4958 pm
1206 4891 1238 4947 in
1261 4881 1343 4944 Nota
1365 4877 1402 4943 nd
1422 4877 1454 4943 h
1477 4873 1498 4944 l·
1519 4898 1549 4964 P·
1569 4863 1631 4954 133}

337 4905 461 5002 Ml‘lwv
487 4946 618 5042 wlff
643 4927 763 5052 Boeff‘ls
781 4949 838 5018 ml
866 4932 952 5022 Κεφ
1005 4972 1124 5054 Loqui,
1148 4967 1270 5054 inquit,
1294 4965 1567 5032 videturllotnulus
1584 4968 1622 5031 de
1654 5027 1663 5038 t
1747 5001 1751 5010 ·

340 5041 427 5110 0¹96,
455 5043 524 5097 785·
551 5049 666 5121 υςεςον
694 5054 729 5099 ες
758 5050 819 5112 ’την
838 5029 952 5122 Ρωμην
1004 5061 1120 5120 Hunnis
1141 5053 1292 5125 Ahat‘itist
1329 5070 1403 5138 quae
1433 5077 1478 5117 res
1508 5071 1557 5117 aut
1584 5056 1623 5116 sie

340 5111 743 5224 {nonedam-osusque
765 5153 847 5214 ,των
883 5122 954 5214 βα·
1004 5148 1098 5226 potest
1127 5149 1219 5234 accipi
1231 5193 1244 5226 ,
1273 5153 1306 5204 vt
1325 5140 1433 5209 aetnae
1458 5141 1622 5228 imperium

921 5225 1036 5304 Ttt
