4917 6992
782 1203 1311 1316 ιιιιιιιιιο
1452 1185 1457 1194 ’
1569 1211 1763 1319 ιιι,

327 1473 331 1476 ·
382 1446 544 1568 partim
580 1465 634 1530 ex
663 1459 1006 1540 HAMBERGERI
1039 1442 1188 1536 V..C
1204 1442 1689 1565 libropraestantiffimo,

383 1574 659 1700 Zauerlafflge
686 1574 733 1661 N
736 1577 963 1664 achrrchtru
995 1599 1069 1661 uun
1103 1575 1174 1662 den
1214 1576 1470 1693 numanam
1500 1576 1690 1686 Schrift-

383 1711 534 1800 acuent
567 1709 648 1792 dte.
683 1711 836 1820 partim
872 1705 1190 1794 exauctoribus
1221 1707 1315 1820 ipfis
1348 1705 1484 1791 haud.

499 1847 609 1931 'ET'
641 1837 985 1948 primoquidem
1022 1835 1118 1924 loto
1151 1860 1220 1924 eor
1251 1842 1462 1946 adieram,
1493 1840 1544 1927 de
1576 1865 1687 1956 quo·
1740 1823 1773 1875 ‘¹

381 1991 486 2056 rum
515 1969 673 2080 scriptis
722 1970 949 2076 fragmenta
996 1967 1065 2052 sub
1113 1967 1255 2054 titulis
1287 1971 1598 2081 Excerptorum
1631 1973 1684 2060 de
1740 2013 1745 2018 ·
1887 1941 1916 2004 ’·

379 2099 700 2210 legationibas
720 2118 763 2183 et
796 2097 1057 2207 Eclogarum
1106 2098 1392 2188 Historiarum
1442 2105 1495 2188 de
1543 2101 1711 2240 Rebus,

383 2229 635 2341 Byzantinis
665 2229 832 2321 exstant.
1714 2220 1718 2230 ’

536 2355 746 2448 Tomari
785 2349 837 2480 )
870 2379 1141 2468 ιιιιιιιιι
1173 2335 1245 2452 un
1279 2292 1684 2475 infirmamus,
1750 2457 1755 2469 ,

383 2516 492 2606 quae
525 2489 682 2578 Paridis
708 2511 736 2570 ¹e
769 2491 1068 2600 'typographia
1085 2493 1214 2600 Regia
1247 2517 1282 2576 a.
1302 2511 1349 2583 c.
1372 2511 1678 2586 MDCXLVIII.

383 2625 611 2734 interprete
643 2614 796 2706 Carolo
829 2617 1108 2728 Cantoclam,
1143 2622 1402 2710 Libellorum
1445 2621 1681 2732 Magistro,

381 2779 486 2879 eum
520 2755 700 2840 eiusdem
733 2767 779 2836 et
813 2749 936 2840 Henr.
971 2749 1122 2838 Valeiii
1156 2755 1267 2838 notis
1302 2755 1552 2863 prodierunt.
1586 2757 1682 2838 Au·

382 2884 514 3002 stores
547 2907 679 2986 uero,
724 2895 906 3002 ¹quorum
947 2881 1175 2988 fragmenta
1223 2885 1469 2988 continent,
1498 2880 1542 2966 hi
1567 2885 1681 2969 sunt:

496 3010 885 3130 a)DEx1P1²vs,
918 3007 1523 3122 apatriaAtherirrfirdieius,
1552 3038 1679 3124 quem

381 3160 475 3232 ante
514 3163 705 3258 tempora
742 3136 994 3228 Constantini
1033 3141 1096 3228 M
1143 3142 1211 3226 sub
1253 3141 1383 3228 Probo
1427 3144 1679 3254 imperatore

381 3273 526 3364 rixiffe
561 3275 740 3361 Lahbeus
770 3279 904 3361 docet.
968 3267 1208 3358 Chronicon
1227 3271 1384 3382 scrrpiit
1401 3289 1444 3358 et
1460 3269 1675 3379 Scythica

379 3431 403 3492 e
436 3425 620 3518 quonam
654 3429 756 3490 uero
787 3403 957 3488 istorum
990 3399 1190 3486 librorum
1213 3426 1359 3514 ,quae
1392 3403 1674 3510 inExcerptis

379 3533 449 3624 de
462 3535 748 3680 legatiomirus
779 3533 1048 3634 adferuntur,
1076 3465 1259 3618 desum’ta
1292 3532 1403 3639 sint,
1438 3533 1558 3621 Henr
1585 3531 1680 3619 Va·

379 3660 559 3752 lesrus
549 3689 593 3746 tn
630 3663 751 3750 Notis
798 3659 846 3746 ad
894 3661 1142 3770 Dexippum
1193 3663 1237 3744 in
1278 3661 1417 3746 medio
1465 3663 1677 3775 relinquit.
1797 3759 1800 3766 ,

380 3795 502 3908 Quae
534 3815 672 3876 autem
704 3781 897 3878 Labuns'
922 3795 984 3877 de‘
1004 3793 1168 3882 historia
1205 3793 1410 3874 cinnano
1444 3792 1555 3874 ultra
1586 3797 1674 3875 im·

340 3925 579 4040 ,peratoris
610 3921 770 4016 Claudii
805 3917 866 4005 ΙΙ.
903 3940 1090 4030 tempora
1144 3919 1384 4068 pertinente
1411 3921 1577 4026 tradit,
1626 3943 1673 4005 ea

375 4079 434 4142 ex
467 4057 555 4166 ipso
584 4051 832 4138 refelluntur
866 4050 1095 4160 Dexippo,
1127 4051 1197 4161 qui
1233 4047 1476 4161 irruptionis
1504 4047 1676 4138 Vanda-

375 4185 520 4302 lorum
556 4186 625 4268 sub
656 4181 884 4272 Aureliano
918 4185 1167 4292 imperatore
1202 4181 1408 4261 meminit.
1511 4240 1515 4253 .
1625 4200 1629 4252 2
1705 4269 1711 4278 .

519 4319 565 4418 b)
598 4331 852 4406 EVNAPIVS
884 4338 906 4394 a
938 4307 1153 4416 Sardibus,
1188 4307 1343 4415 Lydiae
1378 4304 1499 4414 urbe,
1532 4287 1672 4415 inqua
1780 4312 1784 4319 '

375 4465 493 4530 natus
527 4447 634 4552 fuit,
665 4443 889 4530 Sardianus
923 4437 1181 4555 appellatur,
1215 4431 1473 4545 eloquentiae
1508 4457 1551 4522 et
1586 4422 1713 4545 artis,

374 4561 559 4665 medicae
595 4573 829 4662 Athenian
802 4595 971 4683 operam
1004 4567 1147 4673 dedit,
1178 4585 1221 4649 et
1242 4567 1410 4676 onsta
1443 4577 1488 4655 'c
1524 4571 1697 4668 CDIV.'

371 4705 507 4794 adhuc
543 4707 734 4822 superstes
762 4703 854 4787 fuit.
919 4697 1089 4808 Scripsit
1139 4697 1307 4782 Libros
1324 4705 1438 4785 XIV
1483 4689 1670 4781 Chr'oni
1676 4680 1700 4693 ”

368 4860 558 4936 corum,
590 4835 736 4947 quibus
770 4829 955 4942 Dexippi
992 4829 1217 4916 Historiam
1249 4825 1342 4911 ab
1330 4824 1524 4950 tmperio
1511 4810 1669 4911 Clau·

369 4968 431 5054 dii
465 4965 640 5055 Caesaris
673 4965 767 5050 inde
799 4969 924 5072 voque
956 4963 1003 5046 ad
1039 4957 1206 5056 Arcadii
1261 4977 1305 5042 et
1337 4958 1515 5046 Honorii
1555 4960 1668 5042 tem
1686 4958 1708 4972 '⁶

371 5103 510 5222 pora,
542 5119 591 5186 vt
626 5097 799 5226 Pitotius
831 5093 984 5196 refert,
1017 5088 1321 5177 continuatur.

820 5231 856 5300 -·
951 5225 1197 5360 touta
1500 5148 1503 5152 ’
1616 5122 1738 5315 n‘·
