4917 6992
847 1177 1059 1274 'castr
1081 1163 1135 1308 tu
1262 1253 1265 1261 .
1558 1143 1631 1274 iot

1635 1281 1846 1372 [Impletu-

902 1403 929 1450 a.
955 1381 993 1460 C·
1020 1397 1095 1470 t79·
1642 1382 1714 1474 Μ’,
1947 1399 1950 1402 ’

377 1519 498 1572 uerunt.
549 1494 612 1570 Sed
640 1498 691 1572 vbi
718 1499 949 1591 Romanorum
968 1485 1094 1597 ,pedites
1110 1503 1155 1579 ,iu
1181 1502 1284 1596 eapite
1309 1523 1350 1571 ex
1375 1497 1560 1598 composito
1578 1526 1632 1601 ap·

356 1619 559 1700 paruerunt,
585 1603 626 1668 ita
651 1597 757 1670 hostes
782 1619 871 1698 terga
897 1619 1082 1684 verterunt,
1110 1620 1144 1680 ut
1168 1605 1285 1696 partim
1313 1605 1347 1670 in
1378 1605 1529 1700 equites„
1562 1627 1632 1698 par·

354 1697 417 1788 'tim
441 1706 473 1771 iu
498 1717 637 1770 armatos
662 1696 855 1788 inciderint,
882 1721 913 1772 et
936 1705 1118 1798 interempti
1143 1695 1213 1790 sint.
1265 1701 1450 1772 Sabiniarius
1479 1726 1632 1775 curruum

362 1798 450 1882 duo,
476 1803 680 1898 captiuorum
705 1799 899 1899 plusquam
927 1805 1069 1899 quinque
1095 1800 1192 1872 millia
1219 1807 1331 1900 cepit,
1357 1823 1387 1872 et
1419 1829 1490 1876 uon
1513 1793 1631 1899 parum
1669 1861 1672 1866 .

360 1895 509 1998 praedae.
555 1901 708 1972 Curribus
735 1918 842 1972 tamen
862 1901 1010 2000 aliquot,
1038 1926 1120 1998 quos
1145 1897 1283 1992 ,difficile
1314 1895 1420 1973 fuisset
1451 1923 1483 1973 et
1504 1908 1632 2000 ‘opero-

359 2000 426 2074 sum
450 2027 511 2096 per
536 2018 586 2072 tot
610 2003 792 2098 praecipitia
819 2019 850 2072 et
874 2021 1045 2102 praerupta
1069 1999 1142 2072 loca
1166 2027 1289 2101 agere,
1316 2006 1349 2069 in
1380 2022 1494 2074 monte
1525 2008 1633 2076 incest·

360 2101 418 2181 sis,
444 2099 663 2194 Lychnedum
688 2105 864 2176 reuertitur.
917 2093 982 2172 Hic
1007 2098 1240 2194 Adamantium
1265 2106 1411 2198 reperit,
1434 2109 1491 2200 qui
1520 2127 1538 2172 a
1570 2103 1634 2200 col·

363 2191 470 2302 loquio
500 2229 577 2273 cum
602 2195 839 2274 Theudericho
864 2197 1009 2290 redierat.
1061 2199 1223 2274 Nondum
1254 2207 1344 2273 enim
1370 2200 1634 2287 Theuderichus,

364 2307 500 2403 quaein
524 2323 639 2372 monte
663 2329 681 2371 a
707 2302 876 2374 Sabiniano
902 2301 989 2400 gesla
1016 2321 1129 2385 erant,
1160 2301 1365 2374 intellexerat.
1415 2308 1633 2402 Captiuorum
1728 2389 1731 2394 ,

356 2425 466 2504 autem
490 2402 663 2474 nobiliores
689 2398 850 2474 custodiae
875 2399 1022 2503 tradidit,
1053 2400 1200 2499 ¹reliquos
1235 2401 1388 2502 'militibus
1415 2431 1491 2476 cum
1514 2402 1635 2504 praeda

367 2499 521 2596 concessit.
568 2507 610 2575 Et
637 2529 712 2594 eum
739 2501 808 2573 uon
833 2500 939 2574 multo
964 2522 1038 2572 ante
1063 2528 1121 2598 per
1148 2508 1287 2574 ciuitates
1311 2499 1352 2571 ad
1390 2499 1482 2575 usum
1514 2509 1635 2576 exerci-

366 2627 412 2678 tus
434 2629 541 2674 currus
565 2627 753 2702 praeparare
777 2607 822 2672 ini
848 2595 987 2684 erasset,
1013 2621 1048 2674 vt
1072 2602 1134 2677 illis
1159 2601 1204 2679 est
1228 2606 1375 2698 potitus,
1402 2609 1502 2677 vetuit
1523 2608 1633 2675 ciuita-

364 2725 407 2777 tes
430 2703 566 2802 amplius
588 2700 634 2800 ,de
658 2703 802 2795 mnibus
825 2627 1000 2789 laborare,
1019 2709 1101 2806 ,quia
1138 2729 1294 2780 curruum
1326 2701 1435 2804 quoad
1461 2699 1533 2790 ,satis
1567 2723 1634 2780 erat
1704 2695 1712 2710 ⁶

363 2805 500 2906 habebat.
564 2848 568 2852 ·
961 2857 969 2866 -
1008 2897 1010 2900 Ι
1231 2821 1239 2875 t

927 2999 963 3102 ᾗ.
982 3020 1055 3076 ,ιοα

416 3223 420 3229 ν
465 3175 526 3276 His
550 3182 592 3248 ita
617 3177 735 3278 geslis,
760 3177 863 3252 scribit
872 3177 1084 3254 Adamantius
1104 3184 1314 3278 imperatori,
1337 3198 1374 3253 vt
1392 3177 1632 3267 Theuderieho

362 3274 570 3373 promiserat,
591 3273 779 3366 sermones,
805 3305 886 3380 quos
911 3277 1020 3353 secum
1045 3281 1205 3354 habuerat.
1235 3283 1383 3354 Senbunt
1406 3300 1440 3353 et
1451 3283 1634 3352 Sabinianus

355 3381 538 3450 etloaunes
564 3377 799 3475 praefectust),
825 3407 904 3454 resa
928 3378 961 3454 se
985 3381 1111 3482 gestas,
1138 3403 1169 3454 et
1182 3389 1293 3455 omnia
1306 3389 1339 3456 in
1365 3387 1467 3454 maius
1479 3371 1635 3480 extolleti-

362 3493 406 3546 tes
429 3472 597 3550 suadebant
618 3507 737 3580 pacem
764 3507 840 3552 cum
862 3482 998 3554 barbaro
1023 3488 1161 3563 minime
1186 3479 1301 3558 facere.
1328 3487 1429 3584 Spem
1448 3478 1632 3565 enimesse,

357 3580 398 3648 ‘vi
423 3599 498 3650 eum
519 3585 654 3678 regione
679 3580 860 3682 depellere,
882 3603 962 3688 aut,
991 3579 1214 3670 limanserit,
1244 3584 1350 3658 delere
1374 3605 1406 3656 et
1431 3603 1609 3656 conterere.

472 3783 564 3857 Haec
589 3788 640 3858 vbi
663 3793 838 3889 imperator
861 3784 1158 3871 rescitrit,'bellrrn1
1183 3793 1268 3885 turpi
1294 3815 1374 3888 pace
1387 3792 1493 3882 potius
1513 3781 1632 3856 ducent

359 3873 478 3966 misit,
504 3891 559 3985 qui
583 3885 723 3987 legatum
746 3887 874 3972 redire,
900 3916 1006 3989 neque
1031 3894 1205 3988 quicquam
1229 3891 1278 3960 'rei
1301 3886 1438 3984 amplius
1463 3881 1540 3958 cum
1564 3886 1633 3956 bar·
1789 3966 1793 3972 Ι

364 3980 440 4054 baro
467 3990 655 4060 contrahere
680 3992 810 4066 iuberet.
863 3989 927 4064 Sed
953 4017 993 4062 ex
1019 3985 1051 4061 se
1076 3991 1248 4062 Sabiniano
1272 3984 1393 4062 diceret
1414 3983 1447 4058 et
1466 3987 1629 4066 Gmtom',
1665 4012 1717 4085 79.

364 4085 412 4175 (is
437 4107 503 4158 erat
528 4093 577 4158 vir
601 4093 765 4173 Gotthus,
790 4113 822 4163 et
846 4093 973 4164 mulieri
999 4095 1169 4179 Romanae
1201 4095 1236 4161 in
1262 4097 1365 4190 Epiro
1399 4082 1575 4186 nupserat,
1599 4105 1632 4158 et

363 4189 469 4281 copias
492 4189 653 4282 habebat)
678 4213 712 4266 rt
738 4219 814 4264 curn
840 4198 933 4265 omni
957 4219 1059 4264 mann
1085 4192 1235 4290 militari,
1263 4220 1345 4293 quae
1376 4186 1450 4287 ipsts
1481 4183 1633 4268 adesset,

364 4284 478 4359 btlhtm
502 4310 675 4388 gererent,
697 4313 762 4366 net
788 4298 875 4366 euim
897 4291 957 4366 ,fibi
980 4292 1043 4366 vlla
1066 4297 1101 4366 in
1125 4305 1263 4365 recum
1287 4293 1422 4368 barbaro
1444 4293 1635 4362 conuenire.

363 4389 405 4458 At
425 4387 661 4474 Adamantius,
688 4401 874 4467 conuocatis
898 4392 1071 4476 militibus,
1098 4420 1214 4466 eorum
1239 4388 1463 4468 fortitudinem
1479 4386 1632 4468 laudauit,

365 4489 451 4588 e'tvt
475 4478 578 4562 sortes
603 4488 665 4592 esse
691 4516 887 4594 pergerent,
913 4515 948 4568 vt
973 4519 1047 4566 mos
1072 4499 1191 4592 patrius
1223 4487 1375 4586 ferebat,
1406 4495 1549 4563 hortatus
1579 4488 1633 4560 est.

364 4587 454 4659 Tum
478 4595 683 4690 imperatoris
707 4595 897 4670 mandatum
922 4595 980 4666 illis
1003 4594 1103 4695 legit,
1129 4599 1219 4665 etin
1244 4621 1378 4692 magnas
1404 4587 1473 4688 spes
1499 4617 1555 4664 eos
1565 4615 1634 4662 ere·
1737 4668 1752 4680 ,-

362 4689 430 4770 xit,
452 4693 685 4789 imperatorem
712 4694 1055 4794 nonpermissurum,
1079 4687 1168 4768 suam
1194 4692 1254 4769 illis
1277 4692 1503 4770 fortitudinem
1531 4711 1563 4764 et
1579 4715 1635 4761 na·

360 4781 490 4866 tdtatem
524 4789 758 4911 iahuttuosam
780 4795 852 4876 effe.
867 4837 913 4856 ···

389 4959 393 4966 ·
927 4925 1002 4998 Oa
1503 4916 1547 5016 ·§·
1571 4935 1635 4999 101.

378 5141 496 5246 pid
526 5147 715 5268 pffoepxopg
791 5131 796 5138 ⁶
1065 5157 1116 5230 79.
1133 5147 1309 5224 ,Mareuvs
1333 5162 1363 5232 p.
1388 5120 1437 5218 8⁵6.

392 5383 397 5412 l
