4917 6992
836 1139 838 1144 '
870 1179 1072 1258 CAPVT
1095 1186 1172 1282 lx,
1317 1218 1320 1223 ⁴
1416 1271 1421 1278 p
1582 1216 1637 1287 331
1675 1168 1677 1171 Ι

1061 1286 1064 1292 ’
1647 1295 1850 1378 Ιηιμῐνιτῑ.

919 1407 947 1458 a.
972 1387 1011 1457 C.
1036 1405 1098 1478 533.
1371 1450 1373 1455 ,
1650 1394 1769 1444 atauo
1792 1383 1817 1450 1.

351 1505 416 1604 qui
430 1505 563 1574 comites
576 1490 763 1598 Godigisclo
773 1493 814 1574 se
825 1525 895 1574 nort
908 1493 1118 1580 addiderant}
1144 1503 1185 1578 ad
1198 1508 1266 1578 hoc
1281 1511 1370 1580 enim
1383 1532 1434 1580 res
1445 1507 1527 1580 bene
1542 1533 1633 1582 com·

351 1625 483 1704 paratas
511 1596 681 1682 videbant,
707 1619 742 1672 vt
764 1595 818 1672 sua
843 1599 917 1699 ipsis
943 1610 1034 1704 regio
1060 1603 1129 1678 satit
1155 1608 1344 1705 praeberet,
1368 1633 1435 1708 quo
1462 1613 1562 1682 vitam
1581 1605 1634 1680 de·

350 1710 470 1799 inceps
496 1699 676 1773 tolerarent.
727 1696 791 1771 sed
817 1708 932 1784 veriti,
960 1732 1002 1779 ne
1031 1707 1109 1779 olim
1136 1703 1186 1784 vel
1209 1706 1255 1778 illi
1278 1705 1361 1804 ipfi,
1401 1712 1456 1807 qui
1489 1705 1634 1782 Africam
1672 1690 1687 1707 Α

352 1806 586 1880 obtinuerant,
611 1798 659 1871 vel
686 1825 803 1874 eorum
829 1826 963 1900 nepotes
988 1803 1246 1906 quoquomodo
1272 1805 1353 1903 pulsi
1377 1835 1419 1880 ex
1435 1803 1570 1890 Africa,
1594 1801 1635 1878 ed
1664 1811 1702 1880 5³-

351 1903 464 1976 natale
487 1897 591 1972 solum
618 1897 757 1972 redirent
782 1907 799 1994 ‘s
799 1929 907 2002 neque
932 1910 1021 1978 enim
1051 1905 1139 1981 illam
1170 1911 1327 1978 Romanis
1364 1907 1526 2007 neglec‘lui
1560 1903 1636 1980 fore
1720 1977 1730 1992 ,
1761 1995 1764 2000 ,

351 1999 433 2079 setn
453 2029 488 2073 er
512 1999 685 2098 putabant)
710 2001 834 2102 legatos
860 2003 1036 2078 miserunt:
1062 2012 1117 2106 qui
1143 2003 1184 2078 ad
1199 2009 1336 2078 Gizerici
1356 2003 1637 2105 conspedlumad·
1674 2041 1688 2066 s
1787 2032 1796 2050 “

351 2102 466 2180 milli,
494 2099 627 2184 dixere,
650 2095 682 2172 se
707 2128 757 2173 res
781 2101 863 2180 adeo
887 2104 983 2178 laetat
1008 2105 1156 2204 gratulari
1168 2106 1376 2206 popularibus
1394 2103 1480 2194 suis;
1503 2109 1542 2179 ab
1561 2103 1636 2204 ipssa

352 2203 475 2280 sentan'
502 2227 572 2273 non
597 2196 687 2298 posse
711 2201 847 2300 amplius
874 2210 1071 2306 regionem,
1097 2233 1161 2307 qua
1184 2206 1386 2303 posthabita,
1410 2202 1554 2280 Afiicam
1580 2232 1635 2280 co·

352 2305 483 2381 serent:
507 2320 678 2400 propterea
700 2327 842 2400 rogare,
868 2325 925 2388 vt,
953 2302 1085 2404 quando
1112 2309 1248 2404 patriam
1280 2332 1351 2379 non
1378 2308 1549 2392 curarent,
1571 2313 1635 2388 iis,

353 2409 413 2506 qui
442 2398 681 2483 remanserant,
706 2399 934 2498 possessionem
959 2403 1139 2490 donarent,
1164 2411 1231 2476 iam
1254 2405 1400 2477 inutilem
1424 2403 1505 2489 tibi,
1529 2425 1565 2482 'vt
1587 2431 1637 2480 re·

355 2509 468 2607 gionis
492 2524 616 2576 cernam
644 2497 751 2598 adepti
776 2500 988 2587 dominium,
1024 2502 1050 2578 fi
1076 2509 1147 2610 quis
1172 2530 1214 2580 eo
1239 2509 1361 2580 veniret
1385 2501 1551 2594 insenius,
1572 2530 1639 2608 pro

354 2605 414 2682 illa
441 2608 617 2678 morinen
642 2599 829 2678 dubitarent.

458 2753 583 2870 'Aequa
609 2768 691 2840 haee
715 2772 865 2844 Girerico
892 2773 1085 2873 caeterisque
1107 2769 1259 2848 Vandalis
1282 2771 1455 2874 postulatio
1480 2766 1545 2855 tiss
1569 2771 1640 2865 elit

356 2881 493 2974 iamque
519 2870 700 2942 annuebant
724 2867 854 2968 legatis,
880 2899 957 2946 cum
983 2869 1079 2946 senex
1107 2871 1238 2974 quidam
1262 2873 1428 2950 nobilitate
1453 2894 1486 2948 et
1522 2870 1639 2948 niden·
1744 2923 1749 2933 ι

355 2982 400 3050 tia
427 2969 611 3048 clarissanua
636 2967 827 3053 intercclsxt,
843 2972 936 3089 'nihil'
956 2978 990 3046 in
1015 2969 1108 3046 rebus
1131 2975 1284 3095 humanit
1309 2973 1418 3048 stabile
1498 3003 1519 3048 e
1553 2973 1640 3048 affir-

354 3102 479 3264 tiit
501 3067 1494 3271 siirqiiiiuiliiuliiiu§iiiiiininmiufiirsii
1514 3202 1534 3248 a
1557 3099 1639 3247 rii
1755 3135 1760 3146 “

356 3279 423 3354 His
449 3200 563 3346 auditis
586 3266 751 3344 adsentiens
777 3275 962 3356 Gizerictte,
992 3271 1115 3374 legatos
1139 3297 1175 3347 re
1207 3273 1328 3348 insedla
1358 3271 1489 3346 remisit.
1540 3274 1639 3348 Tum

377 3373 495 3448 uidem
519 3366 621 3470 ipsum
648 3395 686 3440 ac
710 3365 896 3458 suasorem,
920 3393 1071 3473 tanquam
1084 3374 1326 3473 impossibilium
1343 3369 1527 3472 prouidus,
1552 3377 1641 3444 Van·
1706 3438 1712 3454 ,

355 3403 422 3553 lati
451 3497 567 3548 omnes
593 3465 790 3554 deriserunt,
815 3467 869 3546 sed
896 3501 1014 3548 eorum
1039 3496 1200 3574 nepotes,
1225 3476 1306 3557 vbi,
1332 3500 1414 3572 quae
1432 3497 1639 3546 commemo·

353 3581 524 3658 cauimus,
548 3567 757 3653 acciderunt,
788 3597 899 3646 rerum
928 3578 1146 3654 humanatum
1169 3595 1318 3654 naturam
1344 3570 1480 3658 edodli,
1512 3571 1639 3652 dic‘lum
1787 3641 1797 3652 ,

309 3771 314 3778 ¹
352 3673 440 3758 illud
461 3670 605 3778 sapientis
629 3675 688 3748 viti
710 3665 802 3750 fixisse
828 3669 962 3752 coufeffi
982 3669 1064 3750 sunt.

941 3885 970 3982 i·
1003 3883 1056 3964 8⁶·
1204 3973 1206 3978 .

472 4045 645 4119 Caeterum
664 4039 813 4120 'extindla
837 4045 883 4120 esi
906 4043 1007 4121 hodie
1031 4049 1219 4127 memoria,
1245 4067 1284 4117 ae
1315 4067 1442 4117 nomen
1476 4037 1639 4116 vandalo·

357 4172 438 4222 turn
462 4143 593 4220 illorum
620 4151 760 4228 interiit,
786 4153 901 4246 quiin
927 4153 1027 4245 patria
1051 4145 1239 4218 restiterunt.
1283 4144 1410 4218 Scilicet
1442 4166 1519 4216 cum
1542 4143 1639 4240 pauci
1747 4185 1756 4198 ·

359 4245 487 4328 essent,
517 4243 567 4318 vel
599 4271 617 4314 a
644 4251 853 4320 conterminis
888 4248 1024 4320 barbaris
1063 4251 1291 4320 exterminatos
1327 4242 1547 4328 crediderim,
1585 4236 1639 4315 vel

357 4341 480 4449 sponte
502 4341 575 4444 ipsrs
600 4347 769 4444 permistos
796 4373 922 4420 nomen
944 4344 1089 4422 arnistlse.

471 4511 544 4581 Nec
567 4529 677 4582 tamen
700 4505 778 4582 striis
805 4538 823 4582 a
848 4507 996 4586 Belisatio
1020 4509 1171 4586 Vandalis
1196 4499 1332 4586 reuisere
1386 4519 1499 4587 atriam
1537 4499 1643 4576 ⁰011ss-
1713 4501 1717 4506 ’

360 4613 447 4686 llixm
470 4606 542 4686 tue·
593 4607 692 4682 Haud
718 4615 807 4682 enim
830 4637 866 4683 re
889 4635 962 4686 ente
988 4619 1023 4686 in
1047 4619 1214 4708 Europam
1241 4633 1282 4679 ex
1321 4540 1433 4685 Astra
1468 4615 1641 4706 migrare,

361 4713 510 4788 maxime
532 4735 609 4780 etun
633 4713 760 4810 nauigia
786 4639 950 4796 deelsdnt,
977 4715 1116 4806 licebat:
1153 4734 1269 4785 verum
1294 4713 1339 4784 ibi
1363 4737 1486 4811 poenas
1524 4700 1645 4778 dedere

362 4807 552 4908 faunorum
576 4816 748 4896 omnium,
776 4836 858 4911 qrrae
881 4818 917 4886 in
939 4817 1139 4896 Romanos,
1175 4834 1222 4892 ae
1250 4817 1422 4914 praecipue
1458 4816 1495 4884 in
1517 4811 1646 4898 Zacyn·
1779 4849 1784 4858 ·

949 4979 1067 5054 Tta
1561 4955 1746 5047 aros*

407 5190 460 5254 ιω
475 5165 519 5239 ld·
538 5173 649 5238 ibidem
673 5191 702 5258 p.
723 5187 782 5248 sat.
