4917 6992
734 1206 809 1302 vr
1133 1120 1625 1295 Pnannnrrn

639 1421 660 1454 ⁵
733 1436 809 1528 ille
845 1430 1000 1544 singula
1043 1417 1265 1542 antequam
1305 1429 1679 1540 imprimerentur,
1728 1408 2027 1531 perlustrauita

735 1586 779 1654 et
811 1584 984 1675 uterque
1024 1587 1102 1676 pro
1142 1556 1336 1669 lingulari
1374 1561 1441 1644 sua
1479 1576 1574 1661 erga
1610 1574 1681 1639 me
1719 1548 2025 1660 beneuolentia,

736 1694 811 1786 ille
845 1694 1008 1802 quidem
1029 1755 1043 1800 ,
1074 1690 1271 1800 quamdiu
1305 1685 1437 1773 adhuc
1455 1682 1668 1794 Petropoli
1683 1679 1768 1787 egit
1787 1683 1895 1779 (non
1916 1679 2027 1777 mul·

682 1910 687 1918 .
736 1829 791 1914 tis
822 1825 936 1908 enim
973 1805 1170 1907 menibus
1204 1818 1291 1928 post
1324 1817 1578 1928 inchoatum,
1599 1810 1780 1896 laborem
1815 1805 2028 1908 huicrr·

735 1955 777 2044 bi
811 1951 1064 2058 valedixit),
1098 1948 1164 2035 hic
1199 1971 1301 2031 vero
1333 1951 1462 2032 etiam
1494 1943 1643 2052 scripto
1668 1955 2029 2049 totoqueentem·

735 2103 872 2198 pore,
903 2107 985 2192 quo
1018 2078 1062 2161 in
1096 2075 1173 2164 hoc
1207 2073 1344 2159 labore
1375 2089 1596 2188 occupatus
1627 2072 1720 2176 sui,
1751 2072 1821 2152 sua
1855 2089 2027 2153 mecum

739 2199 1104 2312 communicarunt
1136 2205 1351 2295 obseruata.
1704 2189 1709 2195 ’
1761 2278 1766 2286 .

892 2373 1072 2471 NVNC,
1128 2349 1226 2466 quid
1259 2350 1304 2434 in
1335 2342 1410 2435 hac
1441 2370 1487 2432 re
1518 2340 1822 2464 praestiterim,
1852 2338 2031 2429 breuiter
2069 2384 2076 2411 π

660 2521 664 2528 -
736 2477 994 2596 indicabo„
1078 2490 1082 2499 “
1432 2517 1442 2530 ’
1511 2523 1522 2531 ·
2053 2511 2059 2520 ’

893 2649 961 2723 ΕΤ
1003 2631 1192 2744 primum
1213 2622 1401 2741 ·quidem
1439 2629 1488 2713 de
1519 2645 1871 2735 EXCERPENDI,
1903 2647 2031 2737 quam
2149 2743 2152 2746 ψ

737 2750 893 2844 secutus
927 2763 1049 2866 sum,
1083 2776 1314 2866 RATIONE
1348 2756 1651 2846 haecrtenenda
1689 2761 1792 2863 sunt.
1858 2755 1925 2842 De
1951 2779 2031 2864 po·

736 2887 876 3000 pulit,
909 2913 1012 3001 quos
1043 2913 1120 3000 pro
1150 2915 1229 2995 en,
1262 2889 1370 2999 quod
1399 2889 1517 3000 supra
1533 2891 1731 3005 exposui,
1764 2881 1931 2999 confilio
1951 2881 2030 2968 hae

740 3017 970 3104 memoriae
1001 3017 1221 3130 compleat
1255 3017 1473 3127 debebant,
1508 3045 1589 3105 non
1621 3043 1665 3102 ea
1698 3035 1896 3123 tantum,
1927 3035 2032 3125 quae

651 3241 658 3254 ,
741 3135 948 3232 memoria
989 3147 1150 3261 fideque
1191 3171 1315 3256 quam
1359 3149 1545 3232 maxime
1592 3151 1714 3256 digna
1758 3145 2033 3248 videbantur-5

742 3275 809 3362 sed
840 3279 1014 3385 omnia,
1044 3301 1147 3388 quae
1171 3263 1271 3363 ‘ullo
1303 3281 1429 3364 modo
1457 3277 1505 3363 ad
1540 3276 1747 3364 hillnriam
1782 3269 1935 3359 horum
1959 3299 2034 3386 pn·

742 3401 942 3516 palorum
978 3408 1182 3520 pert-inere
1213 3405 1462 3514 arbitrabar,
1493 3405 1672 3525 collegi,
1704 3402 1879 3518 ipsasque
1895 3400 2034 3486 audio·⁴

648 3593 649 3600 Ν
741 3555 842 3622 rum
865 3534 1003 3622 'verbis
1030 3533 1218 3647 discripfi.
1287 3534 1405 3621 Nam
1436 3534 1535 3624 licet
1566 3538 1701 3622 multa
1734 3539 1776 3620 in
1808 3536 1860 3619 iis
1893 3555 2037 3618 occure

632 3695 634 3702 ·
742 3680 867 3772 rant,
897 3687 997 3774 quae
1028 3665 1264 3777 quibusdam
1298 3663 1406 3750 leuia
1433 3731 1445 3776 ,
1477 3686 1552 3775 et,
1587 3665 1752 3776 quaein
1771 3663 1939 3752 historia
1959 3661 2034 3749 hn·
2083 3707 2086 3710 >

742 3815 840 3880 num
875 3790 1128 3906 populorum
1162 3779 1422 3902 referantur,
1463 3795 1539 3880 rix
1580 3796 1704 3901 digna
1739 3795 1874 3902 videri
1915 3810 2035 3897 pote-

745 3937 871 4005 rant:
907 3936 1043 4004 tamen
1077 3945 1121 4002 ea
1157 3945 1238 4003 non
1271 3921 1483 4002 reiicienda
1518 3924 1686 4027 putaui,
1727 3919 1836 4026 quod
1877 3916 2032 4028 partim

744 4049 796 4138 de
830 4046 973 4131 multis
1004 4045 1155 4131 horum
1191 4046 1445 4156 populorum
1478 4046 1715 4154 pauciffima
1749 4045 1864 4135 nobis
1895 4045 1942 4130 ab
1957 4043 2036 4129 ali-

745 4177 783 4262 is
816 4173 1050 4262 audioribus
1081 4173 1314 4260 conseruata
1347 4173 1457 4283 sint,
1489 4177 1639 4286 partim
1674 4175 1882 4262 diuersum
1901 4175 2037 4260 omni«

748 4329 806 4392 no
839 4303 913 4387 elle
945 4302 1047 4388 solet
1079 4305 1127 4388 de
1160 4301 1225 4386 his
1258 4308 1375 4389 rebus
1408 4305 1643 4413 iudicium,
1683 4307 1835 4416 partim
1869 4303 2036 4392 difficil-

746 4433 905 4520 limum
940 4431 1103 4542 suilla,
1138 4431 1325 4538 regulam
1359 4435 1577 4542 inuenire,
1608 4458 1721 4547 qua,
1755 4433 1854 4544 quid
1882 4459 2036 4544 ponen-

747 4563 879 4666 dum,
913 4563 1012 4672 quid
1044 4563 1323 4651 omittendum
1356 4561 1483 4666 esset,
1515 4565 1659 4672 ubique
1692 4567 1746 4648 ita
1779 4560 2040 4671 definiretur,

751 4711 802 4778 vt
834 4689 1066 4799 ambigendi
1098 4691 1211 4775 locus
1230 4699 1326 4776 'dnn
1359 4693 1481 4795 eliett
1515 4691 1679 4803 partim
1699 4695 1869 4801 denique
1900 4709 1942 4776 et
1974 4695 2040 4778 in·

723 4819 934 4938 „primim
976 4845 1025 4902 ne
1055 4821 1162 4929 apud
1205 4829 1454 4930 quemquam
1494 4819 1580 4906 ulla
1618 4823 1800 4908 oriretur
1837 4819 2040 4930 suspici0,

657 5028 659 5033 .
752 4970 823 5036 me
853 4949 961 5032 forte
995 4946 1176 5059 aliquid,
1207 4951 1314 5061 quod
1343 4952 1442 5035 scire
1466 4950 1687 5060 intererat,
1720 4950 1916 5036 omisrffe:
1955 4973 2039 5060 qun

752 5079 846 5174 sane
875 5079 1063 5166 futurum
1098 5097 1222 5188 erat,
1257 5099 1307 5166 at
1339 5077 1560 5189 omnibus,
1592 5079 1692 5197 qui,
1730 5083 1831 5194 quid
1860 5081 2041 5195 scripto-

1971 5229 2037 5296 rea
