4917 6992
1140 1083 1146 1089 ·
1261 1066 1289 1108 Ι

818 1197 842 1276 6
1181 1200 1190 1217 “
1249 1188 1640 1271 vaMAnrvM

804 1397 1003 1494 impetrant
1054 1397 1100 1466 ht
1123 1394 1216 1466 Zeno
1241 1391 1405 1492 Augustus
1430 1389 1598 1474 eundem,
1636 1391 1757 1491 quippe
1789 1393 1845 1490 qui
1869 1387 2005 1465 Basilisci
2035 1401 2097 1484 tyo‘

808 1493 983 1571 rarmidem
1014 1492 1200 1576 adnuisset,
1226 1495 1357 1570 hostem
1380 1501 1612 1568 Roimuornrn
1637 1490 1810 1574 utdicauit‚
1854 1492 1953 1564 altero
1978 1494 2098 1566 Theo-

811 1597 923 1670 derico
955 1601 1080 1670 Patricii
1104 1619 1136 1668 et
1160 1601 1261 1668 Ducis
1286 1603 1442 1668 exercitur
1475 1593 1626 1694 dignitate
1666 1613 1790 1666 ornato.
1839 1599 1972 1665 Interim
2012 1617 2092 1667 curn

810 1702 912 1772 arnbo
931 1697 1010 1780 jilh',
1034 1719 1101 1770 tam
1115 1697 1250 1778 hostie,
1279 1724 1378 1797 quam
1399 1701 1549 1781 amicus,
1587 1701 1754 1768 Romanas
1781 1721 1883 1792 aeque
1907 1692 2099 1768 infestarent

804 1805 1022 1900 prouincias,
1048 1796 1082 1870 id
1105 1803 1197 1872 Zeno
1221 1800 1360 1897 agebat,
1386 1821 1444 1879 vt,
1469 1825 1526 1870 eos
1551 1803 1634 1868 inter
1660 1794 1943 1880 secommittens,
1971 1817 2100 1871 rtrum-

837 1928 877 1972 ue
902 1900 994 1978 nullo
1020 1903 1176 1976 Romano
1202 1896 1355 1998 sangiune
1380 1897 1538 1996 perderet.
1564 1897 1665 1985 Quod
1683 1903 1750 1972 eius
1763 1897 1806 1967 illi
1819 1894 2002 1970 subodorati
2014 1925 2095 1969 con-

809 1927 944 2084 sulitun,
969 2027 1050 2100 pace
1077 2007 1160 2074 inter
1184 1995 1216 2072 se
1241 1997 1347 2084 fadia,
1371 2005 1530 2073 Romano
1545 1998 1662 2073 hostes
1693 1999 1908 2073 imminebant
1944 2004 2103 2096 imperio.¹

689 2107 692 2119 '
810 2104 906 2176 Zeno
930 2107 1062 2202 itaque,
1086 2104 1179 2176 rebus
1201 2097 1265 2174 ‘suis
1291 2129 1381 2174 curn.
1395 2108 1544 2182 timeret,
1583 2098 1797 2172 Theoderico
1840 2102 1963 2171 Triarii
1987 2100 2058 2172 filio
2080 2132 2103 2184 ,ι

811 2209 935 2303 quippe
962 2207 1165 2302 potentiori,
1190 2204 1402 2285 conciliatus,
1442 2203 1620 2274 Valameris
1658 2200 1728 2275 silio
1753 2200 1975 2300 magistratum
2003 2203 2096 2274 abro-

776 2309 921 2404 ·*geuit,
947 2307 1036 2376 etin
1065 2309 1131 2375 eins
1154 2303 1269 2374 locum
1293 2303 1430 2376 alterum
1455 2296 1581 2373 suffecit
1600 2299 1861 2374 Theodericum.
1893 2311 1962 2379 Hic
1985 2300 2104 2377 autem:
2184 2308 2189 2318 ’

811 2431 892 2480 cum
917 2404 1006 2477 breui
1033 2401 1106 2502 post
1134 2398 1266 2476 sormita
1295 2422 1405 2475 morte
1434 2405 1486 2494 (a.
1506 2405 1552 2475 C
1592 2409 1688 2493 481.)
1734 2399 1927 2488 decessisset,
1956 2406 2102 2477 Thoo-

811 2501 951 2582 derium
969 2503 1148 2578 Valameris
1173 2509 1209 2576 F.
1237 2500 1326 2576 solut
1361 2508 1502 2602 imperio
1525 2499 1822 2602 ¹‘ostrogothorum
1866 2512 1987 2604 potitus
2028 2504 2103 2589 est,

812 2603 956 2704 ideoque
982 2629 1033 2675 res
1058 2607 1212 2676 Romana
1233 2609 1272 2675 in
1294 2607 1398 2675 maius
1423 2600 1642 2676 adducebatur
1666 2603 1859 2703 periculum.
1891 2601 1993 2710 Qod
2017 2631 2097 2681 cum

813 2705 905 2780 aliter
929 2731 1086 2778 amouere
1105 2709 1197 2777 Zeno
1222 2731 1293 2776 non
1307 2701 1435 2805 posset,
1460 2701 1701 2788 Theoderico,
1727 2706 1966 2792 criniosum,
1992 2733 2106 2806 quam*

815 2803 971 2880 Odoacer
986 2891 995 2907 s
1011 2827 1166 2900 tyrannm
1204 2808 1451 2906 occupauerat,
1486 2831 1565 2877 cnm
1600 2826 1698 2904 gente
1732 2803 1786 2878 sua
1824 2815 2095 2909 commigraret,

815 2909 832 3000 (
844 2927 883 2978 a.'
897 2911 936 2980 C.
962 2913 1065 3000 488.)
1092 2909 1206 2980 aridior
1230 2904 1300 2979 suit.
1352 2911 1389 2978 T
1390 2903 1581 2978 heodericue
1607 2914 1715 3007 itaque
1738 2905 1827 2979 ltalia
1845 2931 1938 2991 tota,
1962 2914 2103 2984 visloet

817 3004 927 3081 occiso
954 3005 1133 3090 odoacro,
1159 2995 1281 3106 positus
1300 3009 1376 3091 eli,
1401 3033 1539 3108 eamque
1567 3016 1656 3108 regie
1684 3007 1778 3080 titulo
1809 3037 1869 3108 per
1907 3035 1954 3101 37.
1990 3036 2095 3085 armoe

800 3106 935 3210 insigni
960 3135 1038 3182 cum
1052 3108 1165 3210 gloria
1185 3111 1282 3182 rexit.
1329 3115 1423 3184 'Cum
1443 3110 1572 3186 Alarico
1592 3131 1631 3183 et
1653 3108 1934 3198 Hennenefrido,
1960 3112 2016 3190 illo
2038 3117 2098 3184 Vi·

815 3209 1142 3311 figothorunr,‘hoc
1169 3215 1427 3314 Thoringorum
1445 3237 1486 3286 re
1509 3211 1707 3287 eaffinitate
1730 3216 1946 3298 conimttns,
1978 3235 2100 3289 utram·

816 3335 883 3412 que
909 3333 1043 3412 gentem
1070 3319 1337 3398 afrancorum,
1370 3321 1446 3414 qui*
1472 3322 1477 3333 '
1504 3321 1511 3334 ‘
1556 3309 1800 3403 imminebant,
1823 3337 1921 3391 metu
1943 3316 2108 3389 liberauit.-

817 3415 948 3488 francis
971 3415 1083 3514 pollea
1108 3411 1258 3488 aduersus
1270 3415 1518 3516 Burgtmdiones
1544 3413 1881 3518 auxiliop1·ofedlur,
1913 3443 1955 3490 ex
1986 3411 2099 3489 foede·

817 3538 856 3586 re
882 3515 1043 3590 cumillis
1070 3519 1138 3608 islo
1163 3517 1444 3619 Galliae‘quoque
1474 3517 1617 3617 panteni·
1632 3515 1781 3594 obtinuit.
1831 3517 1871 3593 In
1906 3515 2099 3616 Hispaniam

820 3613 1038 3716 adoo„quae
1070 3609 1251 3719 Vifigothis
1275 3621 1428 3718 parebat,
1455 3616 1637 3720 praefedlos
1663 3608 1774 3706 misit,
1803 3619 1921 3694 ‘donec
1946 3617 2098 3692 Theudie

816 3715 885 3818 ibi„
914 3723 1138 3813 commeate,
1164 3746 1245 3798 cum
1265 3719 1303 3796 id
1325 3720 1485 3820 impedire
1509 3720 1742 3822 nonpo‘lset‚.
1768 3719 2010 3807 Theoderico,
2047 3741 2100 3816 ty·

817 3813 990 3890 mnnidem
1009 3825 1210 3910 occupauit.
1252 3826 1305 3886 :Et
1328 3821 1411 3888 haec
1438 3819 1573 3916 quidem
1597 3845 1710 3890 rerum
1745 3823 1960 3892 Gothicamm
1996 3847 2101 3920 usque

781 3943 785 3952 ·
817 3912 861 3986 ad
887 3915 1014 3984 obitum
1045 3912 1252 3986 Theoderici
1275 3911 1372 3985 facies
1398 3915 1470 3986 fuit.
1516 3915 1739 3990 Theoderico
1760 3923 1797 3990 in
1819 3949 1925 4022 regno
1954 3917 2100 3999 successit

820 4017 874 4107 (a.
901 4017 940 4086 C.
974 4013 1067 4105 526.)
1104 4011 1301 4094 Atalaricus,
1337 4018 1404 4086 eius
1435 4041 1475 4085 ex
1511 4013 1577 4112 filia
1615 4014 1844 4092 Amalasuntha
1867 4050 1979 4123 nepot.
2030 4029 2098 4127 Ψ

821 4133 902 4186 cum
927 4109 1035 4186 adhuc
1060 4114 1211 4209 impuher
1236 4107 1332 4195 esset,
1358 4110 1615 4212 Amalasuntha,
1649 4125 1745 4218 patris
1771 4105 1912 4204 insrsl'ens
1937 4123 2073 4224 vestigiis
2083 4180 2105 4212 ,.

821 4240 943 4313 magna
970 4239 1047 4284 cum
1074 4211 1170 4306 laude
1198 4217 1374 4310 imperium
1399 4213 1637 4292 administrauit.
1660 4221 1757 4294 Filius
1769 4245 1900 4308 autem,
1924 4233 2095 4316 iuuenum,

823 4341 907 4416 quos
944 4314 989 4389 illi
1014 4316 1129 4420 Rothi
1142 4368 1161 4398 ,.
1195 4317 1298 4386 inuita
1335 4314 1589 4404 Amalasuntha,
1635 4319 1809 4400 collusores
1846 4325 2060 4404 adirmxerant
2082 4317 2109 4416 ,J

823 4415 1017 4518 exemplum
1039 4419 1171 4514 potius,
1210 4441 1311 4515 quarn
1347 4421 1402 4516 pia
1432 4427 1541 4494 matris
1581 4418 1706 4497 secutus
1741 4435 1891 4513 monita,
1926 4429 2106 4530 insigniter,

823 4515 923 4592 euasit
947 4543 1099 4616 nequam.
1152 4515 1218 4590 Sed
1246 4516 1336 4589 breui
1357 4519 1432 4620 post
1465 4527 1549 4596 vitae
1585 4521 1752 4617 dissolutae
1799 4557 1922 4628 poenas
1970 4531 2096 4619 dedit,

822 4638 932 4714 morte
982 4637 1184 4718 praematura
1232 4624 1286 4713 (a.
1313 4623 1353 4716 C
1401 4629 1506 4719 534.)
1541 4626 1715 4727 abreptus.¹
1751 4629 1979 4718 Amalasuntha
2016 4663 2096 4712 cum

822 4721 882 4795 fibi
908 4717 982 4818 post
1005 4720 1155 4794 Atalarici
1205 4722 1377 4794 obituma
1426 4729 1617 4828 Gothorum
1665 4728 1809 4819 insidiis,
1864 4737 1977 4834 quibus
2027 4743 2095 4813 iam

823 4843 940 4893 antea·
969 4825 1067 4917 petita
1118 4819 1263 4905 hierar,
1325 4831 1427 4925 magis
1475 4826 1659 4902 timendum
1709 4829 1772 4906 esse
1822 4831 1915 4910 facile
1959 4833 2092 4926 videret,

823 4907 1067 5006 Theodatrun,
1091 4919 1231 4998 Tusciae
1257 4930 1353 5023 partis
1378 4925 1577 5014 dominum,
1600 4932 1803 5006 Theoderici
1828 4965 1870 5011 ex
1896 4938 2096 5015 Amalasrida

778 5031 784 5038 ’
823 5019 935 5100 sorore
960 5048 1135 5122 nepotem,
1160 5024 1201 5098 ad
1224 5054 1366 5128 regnum
1392 5037 1531 5104 uocauit.
1584 5037 1661 5134 Ψ
1692 5033 1744 5108 ille
1755 5033 1886 5115 simulac
1899 5045 2094 5138 potitust'est,

806 5149 896 5254 quon
918 5118 1142 5216 ini-isiurindi,
1174 5155 1242 5231 quo
1270 5125 1375 5210 fidem
1402 5125 1496 5217 suam
1528 5129 1777 5218 hindesmthae
1801 5137 2092 5327 suruhsmssznph.

2060 5275 2102 5323 ο..
