4917 6992
914 1431 946 1482 ³·
970 1412 1009 1486 c·
1035 1424 1101 1502 583·
1239 1495 1250 1512 ,

458 1523 532 1596 Fuit
555 1519 662 1592 homo
686 1519 833 1612 Scytha,
867 1523 1062 1598 Bacalabras
1086 1521 1187 1622 vulgo
1213 1522 1343 1598 diuus:
1375 1527 1463 1594 cuins
1494 1507 1642 1596 vocabuli

352 1622 569 1725 planiffimarn
594 1615 864 1716 fignificatiouem
887 1619 914 1694 st
940 1629 1010 1724 quis
1034 1630 1189 1724 requirit,
1223 1620 1297 1698 sciat
1318 1623 1353 1698 id
1381 1630 1503 1698 Graeca
1533 1625 1643 1724 lingua

341 1726 544 1824 sacerdotem
569 1742 701 1815 magam
726 1717 848 1795 souare.
901 1728 969 1796 Hic
993 1753 1052 1826 per
1078 1725 1112 1796 id
1138 1746 1266 1824 tempus
1280 1733 1310 1790 tt
1335 1723 1458 1798 facinus
1483 1719 1572 1796 ausus
1597 1723 1643 1796 est

354 1817 682 1926 pericuiofiffimum,
715 1849 790 1895 cum
816 1849 880 1897 vna
904 1833 993 1897 enim
1024 1833 1203 1898 amicarum
1240 1830 1387 1927 Chagani
1418 1827 1565 1924 stuprum
1598 1820 1645 1897 fe·

353 1929 396 2000 cit
409 1949 428 2009 ,·
445 1927 598 2022 breuique
624 1923 792 2022 voluptate
814 1919 991 2008 inescatus,
1023 1933 1058 1998 in
1083 1953 1203 2026 magna
1227 1932 1341 2000 mortis
1367 1934 1445 2000 retia
1470 1922 1501 1998 se
1526 1922 1644 1998 inseru-

350 2033 399 2100 it:
425 2019 472 2098 ac'
487 2045 658 2104 metuens,
684 2021 900 2098 nerescitum
924 2027 1083 2127 flagitium
1108 2026 1238 2100 crudete
1265 2027 1321 2102 fibi
1347 2025 1538 2127 supplicium
1556 2053 1646 2124 pare·

351 2151 424 2214 ret,
457 2119 608 2228 persuasis
645 2119 776 2226 septem'
794 2125 835 2200 de
865 2123 1008 2204 subiet‘iir
1041 2127 1099 2201 stbi
1130 2129 1327 2226 Gepidisk),
1359 2157 1436 2202 cum
1469 2133 1504 2199 iis
1535 2133 1569 2198 in
1594 2122 1644 2198 fu·

352 2257 430 2332 gam
455 2227 497 2301 ad
523 2245 667 2328 gentem}
681 2233 802 2302 auitam
836 2223 898 2302 sese
930 2227 1066 2304 tradidit.
1118 2233 1200 2304 Sunt
1237 2254 1345 2304 autem
1377 2233 1518 2310 Hunni,
1556 2228 1644 2299 habi·

352 2351 453 2410 tantes
479 2336 514 2400 in
540 2332 687 2412 oriente,
713 2325 880 2403 Persarum
906 2335 1025 2415 vicini,
1058 2355 1141 2431 quos
1166 2333 1261 2405 multi
1288 2330 1449 2408 vsrtatiore
1480 2328 1640 2403 vocabulo

352 2431 486 2505 Turcos
521 2446 718 2528 nuncupant.
776 2431 893 2506 Istrum
929 2461 948 2505 e
987 2459 1009 2504 o
1043 2436 1220 2515 traiiciens,
1258 2435 1350 2504 etin
1375 2435 1488 2507 vrbem
1524 2429 1642 2502 Libidi-

351 2560 434 2606 num
449 2530 483 2594 ἶ)
519 2528 672 2610 delatus,
704 2553 802 2631 atque
833 2459 1031 2632 a'quoffiun
1064 2562 1082 2606 e
1117 2532 1253 2608 ducibus
1282 2536 1465 2616 Romanis,
1496 2529 1537 2602 ad
1571 2529 1639 2602 lssri

352 2629 530 2707 custodiam
555 2629 754 2714 constitutis,
780 2642 995 2733 interceptus,
1029 2661 1133 2734 genus
1168 2654 1314 2708 etvetus
1345 2633 1486 2707 studium
1520 2629 1637 2712 suum,

348 2735 635 2832 voluptatemque,
664 2733 707 2803 ob
755 2761 830 2806 uam
855 2731 1000 2834 fugeret,
1022 2734 1185 2808 iudicauit.
1212 2739 1302 2807 Cum
1328 2733 1368 2808 de
1380 2733 1561 2807 infortunio
1581 2728 1641 2802 suo'

348 2843 484 2912 narrare·
499 2832 686 2938 probabilia
703 2759 888 2920 viieretut,
920 2863 941 2907 a
968 2833 1050 2910 duce
1081 2835 1122 2908 ad
1147 2840 1379 2936 imperatorem
1410 2838 1639 2910 transmittitur.

932 3037 964 3134 t·
1001 3037 1051 3121 a

386 3236 390 3245 ,
459 3204 569 3297 Atque
595 3200 680 3268 hinc
712 3199 928 3276 existimatum
957 3197 1029 3281 est,
1059 3195 1179 3272 foedus
1208 3186 1402 3270 Romanum
1435 3201 1576 3282 turbaui,
1608 3219 1640 3273 et
1734 3255 1736 3258 -

349 3296 472 3375 bellum
497 3303 612 3398 aperiri
638 3318 819 3396 coeptum,
851 3327 930 3374 cum
957 3302 1086 3371 interim
1113 3303 1280 3397 Targitius
1304 3304 1337 3370 iu
1362 3299 1474 3372 vrbem
1502 3306 1638 3398 impera·

349 3407 467 3477 toriam
495 3426 558 3500 pro
583 3399 694 3500 legato
718 3407 876 3487 veniens,
925 3405 1075 3475 ecttaiam
1089 3397 1336 3474 anniuersariam
1354 3427 1394 3471 ex
1407 3395 1539 3476 foedere
1553 3404 1638 3476 Cha·
1696 3415 1699 3440 ¹
1787 3435 1793 3452 ·

348 3498 437 3605 gano
486 3497 668 3574 endendam
693 3505 857 3605 exigeret:
885 3429 924 3576 ig
947 3500 1037 3601 quod
1065 3508 1294 3602 imperatorem
1318 3527 1387 3574 non
1412 3495 1576 3576 immerito
1596 3501 1638 3576 ad

349 3611 431 3678 iram
458 3529 745 3692 iuexamunbat,
797 3611 829 3677 ui
853 3600 885 3676 se
911 3604 1021 3678 Aberia
1047 3600 1306 3676 manifestiffimo
1333 3597 1395 3674 effe
1418 3602 1557 3676 ludibrio
1565 3631 1638 3676 oer-

347 3727 462 3780 neret:
488 3707 556 3774 hoc
581 3705 756 3799 (Targitio
774 3633 925 3797 icilicet)
951 3700 1144 3800 peniionem
1170 3730 1338 3783 annuam,
1373 3703 1495 3799 paceies
1520 3732 1561 3776 ue
1586 3731 1635 3777 re·

347 3806 430 3888 ditus
455 3799 632 3904 poscente3
656 3803 713 3874 itto
740 3810 923 3906 (Chagano
950 3801 1117 3892 videlicet)
1142 3829 1212 3874 non
1237 3799 1438 3904 quiescente,
1464 3799 1485 3876 s
1536 3811 1639 3876 Furo-

366 3937 424 3994 ,am
454 3905 644 3982 lacerante,
676 3921 709 3974 et
735 3909 825 3980 urbes
858 3924 1032 3998 enemente
1083 3905 1254 4004 Relegatur
1285 3909 1393 4002 itaque
1426 3909 1461 3975 in
1485 3905 1635 3978 Chalciti-

344 3937 422 4083 gem
446 4002 582 4078 insulam
607 4005 796 4104 Tatgitius‚
822 4027 853 4080 et
874 4003 914 4078 ad
939 4001 1065 4079 meuses
1089 4010 1229 4079 omniuo
1258 3998 1311 4078 sex
1338 4003 1447 4076 durius
1471 4010 1633 4081 tradatur.

347 4115 399 4185 Eo
425 4134 525 4208 vsque
549 4111 751 4204 imperatoris
776 4116 822 4184 ira
847 4103 991 4181 feruebat
1015 4114 1052 4182 ia
1075 4107 1242 4208 legatum,
1271 4111 1323 4180 cui
1349 4131 1493 4215 poenam
1519 4111 1634 4206 capita·

343 4213 410 4290 lem
438 4230 504 4284 erat
523 4210 755 4282 'conuninatue
1532 4305 1554 4404 ς

482 4509 528 4577 ad
548 4512 689 4591 Loagrem
702 4530 825 4595 maram
838 4513 1019 4595 praedando
1031 4521 1225 4586 excurreret,
1249 4507 1527 4580 comeatialusdax
1538 4507 1629 4573 Rom.

482 4600 635 4664 exercitas
662 4595 698 4659 de
725 4599 895 4683 improuiso,
919 4601 1074 4666 barbaros
1103 4601 1256 4680 adortus,
1285 4616 1402 4679 magua
1438 4596 1641 4660 multitudine

486 4681 572 4766 caesa
595 4701 647 4745 eos
670 4681 784 4763 abegit.
808 4685 881 4750 Iade
901 4706 968 4748 cam
993 4685 1038 4748 aa
1060 4684 1300 4767 Adeiaeapole'm
1331 4679 1627 4765 venisset-..reliqua

486 4787 518 4832 vt
540 4769 742 4848 Theophanes
766 4769 826 4830 vid.
852 4773 977 4836 Slauica
1002 4769 1020 4834 Ι.
1047 4789 1071 4830 e.
1177 4845 1181 4852 1
1483 4785 1485 4792 ’

385 4943 426 5014 a)
452 4942 506 5004 seu
532 4940 600 5002 ute
624 4945 651 5018 t.
672 4955 715 5014 a
1006 4958 1039 5016 n
1066 4958 1196 5039 rampe
1220 4953 1256 5018 te
1279 4957 1391 5036 teau.
1413 4949 1433 5018 t.
1455 4974 1480 5016 c.
1503 4925 1636 5023 aaa.

383 5029 448 5119 i)
475 5017 663 5117 sarreriae.
1007 5071 1066 5118 you.
1421 5100 1424 5108 .
1639 5047 1643 5056 '
1779 5057 1783 5062 “

381 5129 437 5226 Ι1)
464 5133 523 5210 ἐπι
548 5158 611 5218 την
641 5115 815 5213 Λιβιὸινων
849 5143 1069 5300 masmana
