4917 6992
903 1189 1184 1266 carurv.
1495 1193 1500 1198 “
1606 1224 1684 1303 ‚09

926 1393 1191 1498 10449·Ι
1469 1365 1490 1442 Ἰ
1562 1411 1582 1447 *
1694 1315 1896 1492 &guz
1963 1430 2045 1509 e·

494 1511 605 1608 iraque
629 1522 759 1604 tempus
783 1503 866 1602 milri
891 1511 1029 1592 terena,
1062 1524 1095 1580 et
1116 1509 1204 1578 cirea
1229 1526 1406 1593 muretum
1428 1506 1588 1586 nubitum
1620 1509 1684 1590 de·

306 1697 310 1704 ¹
383 1629 463 1682 autu
489 1601 842 1712 Ouegefii'ambulanti
867 1603 1049 1708 progressus
1073 1603 1302 1706 nescioquis,
1328 1609 1626 1710 quembarbarum
1651 1635 1686 1699 et
1736 1645 1748 1664 ·

384 1734 497 1782 enirm
522 1712 663 1812 aliquem
686 1736 730 1782 ex
755 1711 913 1802 Scythico
940 1713 1084 1784 exercitu
1109 1705 1173 1783 else
1204 1710 1320 1792 rebar,
1358 1736 1475 1811 graeca
1505 1705 1596 1791 ¹voce
1627 1741 1719 1802 ιῃρ·

385 1803 560 1896 salutauit,
588 1811 718 1884 dicens:
745 1837 864 1910 χαιςε.
914 1815 1030 1884 Mirari
1056 1805 1144 1982 epo,
1182 1815 1240 1908 qui
1265 1806 1384 1894 fieret,
1418 1831 1454 1886 vt
1483 1840 1603 1914 graece
1632 1814 1684 1891 lo·

388 1931 542 2010 queretur
565 1917 615 1988 vir
640 1914 783 2006 Scytha:
810 1915 951 2006 etenim,
973 1915 1057 1986 intra
1083 1937 1122 1982 ua
1134 1908 1296 1994 conclusi,
1319 1912 1516 1987 barbaricam
1529 1915 1681 2018 linguam

390 2011 528 2098 colunt,
559 2035 592 2088 et
616 2007 791 2096 affectant,
827 2039 935 2112 neque
968 2033 1035 2086 tam
1060 2015 1289 2097 Hunnorum,
1325 2039 1426 2113 quam
1451 2019 1644 2114 Gothorum
1667 2070 1682 2107 ,

384 2118 444 2192 ‘aut
470 2118 568 2190 etiam
588 2111 810 2188 ausoniorum
823 2114 881 2198 a),
907 2116 942 2186 hi
967 2109 1105 2196 scilicet,
1129 2114 1244 2214 quibua
1267 2141 1345 2198 cum
1361 2117 1518 2188 Romanis
1531 2115 1684 2220 frequen·
1742 2131 1746 2138 '

384 2219 448 2289 tius
475 2216 520 2290 ell
548 2220 797 2292 commercium.
848 2218 966 2316 Neque
991 2220 1162 2317 quisquam
1187 2241 1306 2288 eorum
1319 2211 1413 2290 facile
1429 2217 1574 2319 loquitur
1590 2245 1683 2324 grae·

384 2343 448 2404 ce,
475 2315 534 2390 nili
559 2323 615 2419 qui
640 2315 713 2392 sunt
738 2319 854 2422 captiui
887 2345 908 2390 e
932 2320 969 2390 T
970 2321 1101 2401 bracia,
1137 2336 1203 2396 aut¹
1216 2316 1357 2411 Illyrico*
1384 2325 1563 2396 maritimo.
1611 2319 1681 2398 sed

383 2417 430 2496 illl
454 2420 493 2492 ab
520 2423 621 2492 obuio
647 2445 783 2520 quoque
812 2414 960 2518 dignosci
995 2413 1157 2520 polliurt,
1190 2416 1326 2520 quando
1357 2442 1561 2506 occummt,
1595 2443 1631 2496 et
1660 2442 1682 2502 a
1765 2489 1768 2496 .

382 2519 521 2598 vestibus
544 2519 680 2605 laceris,
703 2539 745 2596 et'
761 2524 870 2618 capitis
896 2517 1068 2622 squalore,
1093 2539 1249 2620 tanquam
1274 2526 1332 2621 qui
1357 2525 1395 2594 in
1420 2518 1570 2596 miseram
1600 2527 1682 2598 inci·

384 2619 505 2696 derunt
529 2617 706 2696 sommam.
755 2625 822 2694 Hic
844 2649 923 2696 vero
949 2649 1026 2721 prae
1050 2615 1083 2693 se
1107 2619 1230 2694 serebat
1253 2625 1436 2717 scytham,
1471 2629 1529 2724 qui
1562 2626 1681 2726 opibus

275 2809 282 2816 ι
383 2722 637 2796 circumfluebat.
687 2729 765 2796 Em
789 2726 878 2794 enim
901 2724 987 2796 bene
1010 2741 1042 2797 et
1066 2719 1231 2823 eleganter
1253 2723 1404 2807 vestime,
1434 2729 1538 2825 capite
1564 2731 1601 2800 in
1622 2748 1678 2802 ro·-

383 2823 526 2900 tundum
558 2820 638 2901 raso,
686 2827 792 2897 Hunc
829 2817 999 2896 resalutans
1033 2828 1260 2925 interrogaui,
1293 2829 1365 2925 quis
1397 2821 1496 2910 esset,
1534 2847 1568 2901 et
1590 2825 1681 2904 vnde

382 2931 419 3000 in
444 2948 563 3000 terram
588 2926 755 2998 barbaram
780 2930 912 2998 veniens
937 2931 1020 3001 vitae
1043 2927 1218 3020 Scythicae
1251 2925 1432 3000 institutum
1470 2923 1560 3027 sequi
1593 2927 1682 3005 dele·
1813 2995 1817 3001 .

284 3098 290 3109 ,
383 3027 486 3130 gisset.
521 3026 593 3101 ¹Ille
619 3053 725 3110 vero,
747 3025 920 3114 lubenter,
946 3033 1013 3112 ait,
1037 3025 1095 3100 ista
1118 3023 1322 3129 cognoscere
1341 3025 1459 3101 studui.
1511 3034 1602 3104 Mihi
1624 3057 1682 3106 ve·

379 3155 447 3212 ro,
477 3135 639 3229 inquam,
662 3130 744 3200 haec
768 3153 786 3198 a
809 3149 843 3200 te
867 3148 904 3202 vt
927 3123 1121 3212 sciscitarer,
1146 3124 1239 3202 caula
1262 3124 1348 3212 sirit,
1372 3125 1464 3227 quod
1486 3155 1605 3230 graece
1627 3132 1680 3218 le-

383 3251 474 3305 cutus
499 3257 543 3303 es.
591 3233 688 3304 Tum
714 3223 846 3311 ridens,
871 3233 937 3312 ait,
972 3225 1004 3302 se
1053 3255 1185 3302 raecum
1215 3224 1279 3302 else
1303 3255 1447 3328 genere,
1480 3227 1525 3301 ad
1552 3258 1679 3305 merca·

378 3352 487 3408 turam
510 3326 693 3403 faciendam
706 3333 945 3413 Viminacium,
958 3255 1137 3423 Mysorum
1150 3328 1192 3403 ad
1206 3331 1324 3405 lllrurn
1344 3331 1478 3412 vrbem,
1500 3327 1671 3420 acceffiffe,

378 3438 417 3507 in
442 3463 480 3508 ea
518 3429 732 3506 domicilium·
748 3431 854 3531 longo
879 3450 1033 3531 tempore
1054 3429 1223 3518 habuitse,
1260 3457 1402 3506 uxorem
1433 3457 1502 3534 quo
1527 3462 1569 3507 ue
1587 3431 1677 3509 'diut-

378 3555 449 3612 tem
475 3531 625 3618 dumille,
646 3553 738 3632 parta
761 3531 826 3604 illic
849 3529 1021 3617 felicitate,
1047 3531 1186 3633 capta‘l'l
1210 3533 1313 3615 vrbe,
1339 3550 1477 3606 exutrun
1538 3541 1546 3554 ’
1573 3564 1614 3621 e,
1638 3557 1673 3613 et

375 3657 577 3738 propterea,
601 3632 692 3734 quod
716 3631 804 3708 diues
831 3653 920 3718 erat,
943 3631 977 3708 se
1002 3631 1123 3735 suaque
1147 3639 1263 3707 omnia
1287 3639 1322 3707 in
1346 3631 1488 3733 praedae
1509 3632 1673 3714 diuisione

378 3735 544 3837 Onegelio
582 3733 700 3809 cessisse
761 3739 894 3808 Etenim
931 3731 995 3808 effe
1025 3733 1115 3834 apud
1147 3761 1206 3808 eos
1240 3737 1278 3806 in
1304 3761 1404 3806 more
1430 3732 1599 3833 politum,
1633 3757 1670 3815 vt
1736 3793 1742 3803 .

375 3843 540 3941 praecipui
566 3839 607 3910 ab
631 3835 728 3913 Attila
753 3839 909 3931 Scythiae
941 3841 1046 3936 princi
1071 3863 1106 3909 es
1138 3838 1286 3935 captiuos
1319 3831 1452 3908 ditiores
1481 3833 1540 3908 fibi
1575 3833 1670 3938 sepo'·

374 3961 478 4025 nant,
502 3967 585 4041 quos
611 3934 731 4012 deinde
763 3941 798 4008 in
821 3935 930 4034 plures
964 3863 1137 4024 titillat,
1174 3955 1207 4010 et
1230 3935 1419 4034 partiantur.
1467 3937 1581 4012 Postea
1613 3943 1670 4016 vbi

373 4037 525 4118 aduersus
555 4045 726 4114 Romanos
759 4033 932 4112 sortissrme
968 4035 1177 4124 dimicasset,
1212 4057 1248 4112 et
1269 4043 1496 4112 Acat'zirotum
1527 4061 1665 4140 gentem

373 4141 518 4218 domino
544 4143 678 4216 barbaro
702 4135 904 4212 sribdidtffett
920 4141 951 4220 l,
975 4144 1135 4225 omnino,
1158 4165 1244 4240 quae
1258 4137 1348 4214 bello
1363 4137 1573 4240 acquisierat,
1599 4171 1664 4218 vna
1711 4188 1763 4260 Β,

374 4273 453 4318 cum
477 4245 642 4326 libertate,
678 4261 714 4314 vt
737 4244 934 4334 Scytharum
959 4237 1082 4343 legibus
1107 4245 1270 4324 cauetur,
1303 4245 1437 4340 propria
1469 4238 1529 4313 libi
1561 4243 1665 4319 vindi-

373 4341 463 4422 casse.
512 4345 644 4422 Mulieri
696 4368 807 4442 uoque
831 4343 980 4415 barbarae
1007 4339 1173 4441 nupsrlst,
1214 4361 1247 4414 et
1281 4367 1324 4415 err
1362 4369 1402 4416 ea
1415 4341 1543 4416 liberor
1568 4341 1665 4420 sullu-

367 4443 466 4532 lille‚
492 4465 524 4520 et
550 4369 703 4546 Onegesri
727 4435 857 4517 mensae
882 4449 1073 4543 participem
1098 4449 1165 4520 hoc
1189 4447 1275 4518 vitae
1297 4470 1402 4546 genua
1427 4439 1532 4544 longe
1554 4453 1664 4546 potiue
1776 4477 1782 4512 t

369 4555 482 4656 priore
508 4545 639 4621 ducere.
685 4549 751 4646 Qri
778 4549 866 4619 enim
892 4544 979 4644 apud
1005 4551 1142 4641 Scythas
1169 4543 1317 4648 degunt,
1340 4543 1481 4621 tolerato
1502 4546 1664 4626 bellorum

427 4713 431 4720 .
569 4677 572 4684 ·
929 4649 997 4721 S=a
1022 4673 1082 4739 ³3
1165 4669 1172 4678 “
1624 4651 1674 4729 la·

422 4815 476 4913 gl
496 4804 994 4916 ξυγκλυὸεςγωρόντεςπςος
1082 4809 1127 4911 st)
1152 4805 1205 4871 cfr.
1228 4807 1316 4892 supra
1342 4814 1373 4886 i·
1395 4823 1435 4880 ¹51

372 4943 423 5006 w
447 4929 613 5037 0083·qu
637 4912 813 5035 βωξςῶςῳ
839 4928 990 5035 ‘mm
1041 4896 1195 5046 fer'eldlrlr
1213 4888 1517 5049 ³·u53t4ssgybelltqtg
1531 4895 1665 5054 ‚hissa

374 5002 516 5115 ζηλεων
549 5049 586 5091 ⁰⁰
614 5016 696 5114 (leg'
725 5019 772 5109 η)
811 5043 873 5102 m
909 5023 994 5090 ow·
1041 5069 1118 5132 hunc
1143 5001 1241 5132 Priscip
1252 5069 1354 5132 lorum
1377 5001 1530 5134 adfert)

371 5147 458 5298 xiv,
485 5113 507 5206 ἦ
532 5145 595 5207 την
613 5115 784 5206 sorbet,
811 5111 832 5206 ll
856 5143 913 5212 uoq
930 5105 991 5205 ‘lna
1082 5175 1123 5232 33,
1145 5161 1292 5230 Palsqu
1317 5177 1347 5242 p.
1369 5161 1423 5219 60.

406 5245 549 5300 vectant.
1139 5293 1143 5301 .
1177 5260 1182 5268 '
1287 5295 1294 5304 -

508 5403 657 5465 ΣΗ,
