4917 6992
790 1233 849 1302 134
931 1225 933 1228 ’
1151 1245 1160 1264 ¹
1212 1207 1657 1286 GOTHICORVM
1712 1223 1716 1229 '

572 1314 756 1398 Impp.'1v-
791 1347 794 1358 ·
894 1361 896 1368 r
1681 1369 1685 1372 .

574 1417 685 1461 STINO
709 1402 738 1484 L}
785 1475 789 1484 Ι
1301 1435 1328 1482 α,
1353 1413 1392 1483 C·
1418 1414 1557 1502 526534

573 1491 756 1634 {53⁸3th
793 1519 942 1617 borniet3
970 1530 1114 1625 quamuis
1140 1533 1205 1600 iam
1234 1521 1356 1602 barbari
1380 1534 1512 1602 ineam
1538 1544 1647 1624 aperte
1672 1517 1913 1624 conspirarent,
1944 1546 1977 1601 et
2013 1555 2066 1604 re·

791 1638 846 1733 gia
870 1625 1018 1701 facessere
1044 1626 1251 1726 impudenter
1274 1633 1429 1702 iuberent.
1852 1675 1856 1681 -
1928 1691 1932 1694 .

868 1735 977 1832 Quam
1004 1733 1206 1802 Gotthorum
1233 1731 1440 1804 molitionem
1464 1755 1534 1802 non
1559 1732 1707 1802 extimuit
1725 1722 1978 1809 hmalaluntha,
2003 1755 2069 1800 nec
2083 1783 2118 1793 -

789 1831 987 1903 muliebriter
1013 1837 1172 1902 contraxit
1197 1837 1370 1920 animum3
1395 1827 1450 1902 sed
1474 1833 1598 1930 regiam
1621 1826 2066 1926 adhuc'probansauthorita·

790 1951 881 2012 tem,
909 1932 1072 2003 ebarharis
1098 1926 1207 2030 selegit
1224 1953 1287 2003 tres
1302 1927 1536 2012 nobilissimos,
1561 1952 1594 2002 et
1605 1925 1790 2010 seditionis,
1816 1955 1878 2028 qna
1892 1930 2069 2026 petebatur,
2100 1934 2105 1946 '

789 2025 949 2104 authores'
965 2037 1178 2129 praecipuos;
1205 2060 1345 2132 eosque,
1411 2057 1447 2102 er
1470 2027 1605 2104 cansam·
1620 2027 1732 2103 tuendi
1756 2029 1837 2102 fines
1859 2030 1897 2099 ab
1923 2029 2069 2124 hostium

713 2165 717 2174 *
789 2138 987 2232 irruptione,
1010 2137 1047 2202 in
1073 2152 1253 2204 extremam
1279 2057 1625 2214 nundentonam,
1653 2158 1724 2203 non
1735 2127 1852 2213 simul,
1875 2126 2007 2211 sedita,
2034 2151 2071 2205 vt

789 2230 973 2333 longilsune
998 2237 1080 2304 inter·
1104 2227 1135 2306 se
1160 2231 1308 2307 abessent.
1360 2231 1474 2306 Nihlo
1508 2237 1543 2304 hi
1569 2255 1678 2305 tamen
1716 2237 1846 2314 minus,
1884 2236 2071 2306 amicorum

791 2355 824 2407 et
847 2339 1111 2434 propinquorum
1136 2359 1223 2432 ope,
1250 2333 1383 2408 consilia
1410 2335 1718 2431 communicabant,
1756 2337 1825 2404 viae
1848 2329 2068 2430 longinquita-

791 2455 860 2508 tem
898 2440 1046 2508 vincente
1084 2440 1357 2514 internuntiorum
1394 2439 1547 2509 omnimn
1582 2431 1712 2524 studi03
1752 2453 1783 2505 et
1821 2428 2068 2508 Amalasunthae

578 2541 969 2663 Imp.'1vsr1-P⁶s¹¹l⁶i⁰¹¹.¹
999 2535 1160 2636 parabant

557 2679 697 2728 nunno
722 2667 745 2725 1.
1366 2639 1492 2736 §·143·
1814 2741 1818 2758 ι

699 2795 756 2848 111.
869 2761 956 2832 Rem
981 2759 1034 2836 illa
1060 2785 1132 2832 non
1158 2756 1265 2832 valens
1288 2754 1372 2832 ferre
1399 2758 1537 2845 diutius,
1563 2766 1725 2833 rationem
1748 2760 1834 2831 hanc
1859 2753 1972 2830 heum
1987 2760 2070 2828 iniit.

752 2922 754 2930 ,
792 2864 987 2966 Byzantium
1011 2858 1118 2966 milit,
1145 2886 1184 2932 ro
1210 2879 1300 2932 atum
1324 2860 1535 2934 lulliniannm
1562 2868 1817 2962 imperatorem,
1846 2858 1984 2932 velletne
2018 2853 2072 2928 sui

691 2975 714 2990 '¹
793 2957 934 3033 adeundi
960 2961 1150 3058 potestatem
1174 2887 1281 3033 ldcere
1307 2961 1511 3036 Theoderici
1536 2961 1620 3037 filiae
1648 2957 1920 3042 Amalasunthae,
1954 2958 2079 3034 consti,

790 3081 905 3150 ‚tutum
931 3063 1060 3134 habenti
1088 3067 1334 3161 quamprimum
1360 3062 1473 3138 cedere
1497 3093 1539 3138 ex
1564 3062 1676 3137 Italia?
1760 3088 1793 3134 10
1830 3065 1946 3133 nuntio
1970 3058 2072 3132 laetus

793 3167 991 3262 imperator,
1018 3159 1200 3236 foeminam
1226 3158 1323 3235 adse
1349 3169 1480 3251 inuitat,
1497 3185 1538 3238 'et
1556 3163 1730 3264 Epidanmi
1780 3189 1898 3235 ommn
1921 3159 2074 3258 pulcher·

793 3269 912 3336 rimam
937 3270 1040 3362 parari
1065 3265 1174 3345 iubet,
1199 3285 1255 3346 vt,
1280 3263 1454 3364 postquam
1478 3263 1706 3340 Amalasnntha
1731 3267 1877 3346 venerit,
1902 3266 1937 3332 in
1961 3289 1999 3332 ea
2022 3259 2073 3332 di·

795 3360 959 3446 uersetur,
985 3384 1017 3437 et
1039 3363 1117 3458 inibi
1141 3383 1292 3449 morata,
1331 3367 1486 3465 quamdiu
1511 3368 1690 3442 collibitum
1714 3360 1834 3448 fiterit,
1871 3368 2072 3457 Byzantium

825 3485 895 3538 etat.

799 3491 827 3660 Ρ,
877 3569 1006 3639 Certior
1033 3565 1074 3638 de
1098 3569 1148 3640 his
1175 3562 1259 3637 facta
1283 3564 1534 3654 Amalasuntha,
1571 3565 1699 3641 delectis
1722 3571 1805 3637 inter
1830 3565 1972 3638 Gotthos
1995 3563 2073 3636 viris

794 3662 951 3749 strenuis,
975 3663 1098 3767 fibique
1124 3663 1364 3753 addidiilsunir,
1402 3674 1516 3742 trium
1539 3665 1671 3744 illorum
1704 3665 1837 3743 caedem
1874 3662 2073 3749 demandat,

819 3795 879 3841 uos
902 3770 1054 3841 authores
1080 3763 1171 3841 fuisse
1195 3776 1388 3871 praecipuos
1404 3774 1548 3846 ,excitati
1587 3776 1623 3842 in
1661 3796 1735 3843 eam
1771 3786 1881 3839 motus
1917 3770 2074 3864 proxime

795 3793 871 3941 dixi.
923 3871 1041 3954 Tum,
1081 3891 1207 3966 praeter
1230 3869 1303 3947 alias
1329 3899 1430 3969 opes,
1466 3870 1675 3971 quadraginta
1700 3867 1838 3941 millibus
1861 3873 1929 3938 auri
1953 3864 2072 3966 pondo

797 3975 833 4040 in
858 3995 977 4038 nauem
1003 3969 1161 4066 impositis
1189 3997 1266 4039 cum
1291 3970 1483 4067 quibusdam
1508 3999 1526 4041 e
1551 3995 1692 4040 nrnnero
1717 3966 1973 4047 fidissimorum,
1998 3971 2071 4051 his,

794 4087 830 4141 vt
854 4065 1077 4165 Epidamnum
1104 4071 1280 4166 mulgent,
1305 4075 1467 4166 imperat:
1491 4095 1533 4142 eo
1559 4097 1636 4148 cum
1659 4076 1889 4167 peruenerint,
1930 4067 1971 4140 ad
2019 4093 2074 4140 or·

793 4187 865 4239 tum
894 4165 1026 4265 quidem
1052 4167 1239 4268 applicent;
1263 4194 1382 4241 eorum
1406 4199 1512 4254 vero,
1545 4197 1628 4271 quae
1663 4175 1739 4242 naui
1777 4167 1947 4243 conmissa
2032 4187 2071 4254 t,

797 4265 878 4344 nhil
902 4288 1091 4370 exponant,
1119 4265 1226 4342 donec
1252 4264 1341 4369 ipo,
1369 4268 1448 4372 quid
1472 4271 1544 4345 fieti
1569 4271 1664 4356 velit,
1689 4270 1858 4346 mandarit.

1367 4481 1397 4576 i·
1426 4503 1497 4568 144

794 4673 801 4688 ,
872 4597 952 4674 ideo
978 4600 1058 4670 haee
1083 4602 1221 4700 agebat,
1246 4622 1304 4686 vt,
1333 4602 1359 4675 fi
1386 4625 1447 4678 tres
1472 4605 1544 4679 illos
1569 4602 1748 4677 demedio
1773 4597 1909 4676 sublatos
1933 4598 2073 4687 resciret,

749 4763 752 4773 .
798 4723 872 4774 non
895 4720 1046 4774 moueret
1070 4695 1102 4772 se
1127 4703 1229 4786 loco,
1254 4724 1287 4776 et
1310 4713 1423 4777 nauim
1448 4726 1638 4787 reuocaret,
1675 4701 1783 4777 secura
1814 4709 1879 4775 iarn
1903 4705 1943 4776 ab
1969 4709 2075 4776 inimi·

801 4805 869 4874 cir:
893 4799 942 4875 sm
970 4805 1124 4900 cuiquam
1149 4805 1280 4879 illorum
1304 4811 1368 4880 vita
1392 4803 1584 4906 superesset,
1608 4805 1729 4902 sibique
1754 4801 1836 4879 adeo
1861 4805 1941 4877 nihil
1966 4808 2074 4879 bonae

799 4897 876 4978 effer
896 4903 1060 5002 reliquum
1083 4899 1173 5006 spei3
1209 4906 1306 4988 celeri
1331 4898 1538 5012 nauigatione
1566 4915 1602 4992 in
1628 4900 1798 4988 Caesareae
1835 4904 1965 4983 ditionis
1999 4933 2073 4978 oras

1990 5033 2072 5087 cum

837 5201 886 5294 m.
908 5183 989 5252 Idem
1011 5189 1084 5256 ibid.
1107 5211 1136 5277 p.
1156 5209 1208 5266 313.
