4917 6992
556 1219 561 1234 '
691 1241 836 1346 &x
1019 1395 1023 1406 ¹
1185 1246 1740 1368 notatarium
1865 1274 1870 1290 ·
1994 1259 1999 1274 ·

657 1515 662 1522 ·
778 1507 924 1598 graeca
958 1483 1000 1572 in
1034 1481 1142 1575 notis
1162 1551 1174 1595 ,
1198 1486 1395 1602 ,adquae
1432 1485 1593 1576 litterae
1627 1489 1798 1582 ,latinae
1820 1485 2076 1602 respiciunt,

774 1619 934 1706 addidi.
965 1618 1033 1704 ubi
1073 1617 1286 1704 diuersitas
1316 1622 1466 1731 incipit
1484 1683 1498 1728 ,
1537 1621 1656 1731 supra
1690 1619 1854 1704 uersum
1890 1615 1965 1741 (et
1997 1619 2088 1722 hoc,

781 1748 950 1860 quidem
983 1773 1005 1866 ².
1041 1751 1187 1859 pagina
1224 1753 1487 1855 goarinde)
1519 1773 1676 1837 uncum
1709 1747 1781 1856 ‘-,
1811 1752 1854 1834 in
1874 1749 2075 1837 finevero
2148 1857 2154 1870 ι

782 1877 1004 1987 litteram,
1037 1901 1177 1966 notam
1219 1881 1502 1988 indicantem,
1542 1884 1674 1992 posui.
1741 1875 1963 1969 Caeterum
2003 1879 2074 1966 hic

736 2008 828 2094 nin
863 2011 1049 2116 excessu,
1078 2035 1203 2120 quam
1239 2012 1284 2094 in
1320 2011 1475 2098 dercon
1510 2037 1674 2122 peccare
1707 2010 1842 2097 malui
1861 1991 2073 2119 {videet

749 2143 751 2155 '
784 2135 913 2254 alibi,
952 2139 982 2230 st
1015 2142 1136 2226 uerba
1175 2161 1314 2248 graeca
1340 2142 1495 2257 nosse,
1535 2139 1701 2228 ledoris
1739 2143 1924 2228 interesse
1964 2139 2072 2252 posse

779 2267 1027 2396 uidebatur,
1056 2293 1195 2380 graeca
1220 2273 1362 2378 adieci.
1426 2265 1603 2358 Notulas
1621 2291 1824 2383 praeterea
1845 2333 1859 2378 ,
1887 2271 2071 2360 aliorum
2160 2367 2164 2372 ⁷

779 2401 1056 2510 praesertim,
1085 2399 1227 2510 quibus
1261 2421 1396 2485 textus
1427 2406 1882 2508 graecuaemendatut,
1913 2405 2069 2488 adferre

778 2530 916 2615 risum
949 2535 1017 2622 est.
1084 2531 1450 2641 Interpretationes
1478 2533 1653 2646 denipue
1685 2557 1762 2645 pro
1792 2533 2071 2644 interpretum
2190 2539 2194 2544 ’

688 2697 690 2702 ·
752 2657 1013 2750 ninertitate
1044 2662 1220 2748 diuersae
1251 2664 1357 2746 sunt.
1422 2660 1559 2748 Multi
1592 2664 1706 2749 enim
1745 2677 1788 2746 et
1818 2661 2072 2772 sere*·pleri·
2108 2685 2114 2695 ’

640 2838 642 2847 «
777 2813 890 2900 que,
935 2793 1026 2877 satis
1062 2810 1246 2879 accurate
1286 2809 1329 2876 et
1348 2789 1587 2900 ¹diligenter
1626 2798 1782 2898 sensum
1826 2815 2070 2899 graecorum

780 2917 826 3004 in
865 2918 989 3009 latina
1029 2918 1378 3030 interpretatione
1406 2926 1641 3032 exprimere
1671 2919 1797 3004 annisi
1831 2921 1934 3010 sunt.
1969 2921 2066 3007 Pos-

693 3083 695 3088 ·
735 3045 737 3060 '
782 3047 895 3138 finus
924 3074 1054 3158 uero,
1082 3053 1155 3166 qui
1171 3047 1369 3168 Bryennii
1383 3046 1748 3170 Commentarios,
1782 3053 1924 3137 Annae
1942 3048 2073 3139 Com-

705 3209 713 3220 ·
781 3203 905 3266 nenae
935 3178 1189 3270 Alexiadem
1221 3200 1265 3266 tt
1296 3180 1560 3289 Pachymeris
1585 3182 1805 3272 Historiam
1840 3181 1969 3269 latino
1999 3169 2073 3266 ha·

779 3308 868 3395 bitu
903 3311 1070 3423 induit‘,
1112 3315 1154 3398 in
1187 3309 1440 3415 his‘duobus
1479 3313 1767 3428 posterioribus
1805 3313 1934 3397 nimis
1972 3309 2072 3395 dili·
2130 3378 2138 3388 ,

779 3461 878 3547 gens
910 3441 1024 3528 suiffe
1056 3445 1233 3532 uidetur.
1266 3444 1299 3526 is
1330 3445 1472 3550 enim,
1505 3446 1571 3530 ubi
1587 3469 1753 3552 graeca,
1782 3432 2073 3553 apudPachy·

779 3593 943 3658 merem
984 3574 1207 3684 inprimis,
1246 3574 1297 3658 ob
1333 3575 1575 3664 breuitatem
1614 3574 1852 3660 obscuritate
1890 3562 2067 3679 quadam

782 3697 1043 3820 ¹laborabant,
1078 3701 1338 3814 paraphrasin
1373 3709 1540 3816 potius,
1572 3707 1612 3790 id
1648 3704 1758 3814 quod
1793 3699 1936 3813 ipsein
1956 3725 2074 3812 pree·

721 3849 723 3856 ‘
779 3833 929 3918 satione
959 3833 1009 3916 ad
1043 3833 1336 3941 Pachymerem
1374 3837 1559 3940 fatetur,
1590 3854 1631 3916 et
1663 3833 1841 3917 ardoris
1872 3825 1962 3914 stilo
1994 3851 2074 3914 ex·

706 4061 710 4069 ἱ
777 3965 923 4067 cusat,
954 3985 1075 4070 quam
1110 3962 1488 4072 interpretationem
1518 3963 1644 4046 dedit.
1679 3962 1796 4044 Vnde
1828 3957 1977 4042 snitum
2003 3953 2076 4067 esi,

623 4085 626 4094 ’
780 4095 1104 4199 utnon‘paura
1134 4089 1285 4193 uelde
1317 4090 1426 4199 suo,
1466 4089 1535 4176 tei
1567 4111 1618 4174 ex
1650 4088 1924 4199 superioribus
1955 4109 2097 4203 repe-0

662 4307 673 4340 .
782 4219 1074 4335 tite„addpret.
1138 4219 1402 4322 Cantoclatus
1440 4240 1613 4328 contra,
1657 4219 1729 4331 qui
1769 4221 1975 4328 Exterpta
2020 4217 2073 4302 de

749 4346 1047 4455 'legationibus
1078 4349 1204 4438 latina
1237 4353 1372 4455 serit,
1398 4353 1507 4437 mira
1541 4347 1696 4436 in-har
1727 4373 1773 4448 te
1804 4351 1983 4433 uersatur
2012 4348 2072 4436 est
2195 4411 2200 4416 -

780 4477 1042 4587 negligentia.
1110 4480 1256 4587 Nam,
1289 4498 1339 4564 ut
1369 4483 1420 4566 de
1454 4481 1685 4567 nominibus
1718 4481 1930 4590 propriis,
1967 4500 2072 4584 quae

703 4692 707 4706 ,
774 4613 857 4696 sete
890 4612 1049 4718 semper
1080 4611 1346 4721 corrumpit,
1380 4609 1486 4702 nihii
1513 4614 1687 4718 diram,
1725 4629 1872 4695 contra
1910 4605 2071 4716 regusar
2117 4629 2130 4648 ·

739 4838 743 4850 ,
775 4759 939 4850 graecae
974 4765 1055 4823 non
1093 4745 1264 4844 minus,
1293 4765 1420 4852 quam
1454 4740 1804 4846 iatinae.linguae
1834 4740 2070 4846 impingit,

774 4869 912 4956 itaut
946 4869 1077 4956 sensus
1113 4869 1260 4954 mustis
1293 4868 1395 4956 soris
1425 4868 1541 4981 plane
1574 4870 1838 4960 immutetur.
1874 4891 1960 4978 quo
1989 4893 2068 4954 no·
2206 4901 2212 4920 ·

628 4979 662 5096 s,
776 4998 891 5086 mine
925 4998 1060 5108 ipsum
1096 5001 1296 5118 Henricps
1327 4998 1510 5086 Valesius
1549 5001 1704 5107 saepius
1743 5003 1786 5084 in
1818 4996 1944 5086 Notis
1965 4997 2070 5102 ,suia

775 5122 1070 5260 reprehendit,
1100 5149 1149 5256 et
1175 5131 1393 5268 emendat:
1421 5123 1518 5246 'qui
1547 5149 1711 5218 textum
1752 5149 1911 5246 qnoque
1952 5147 2071 5235 grae·
2109 5115 2130 5148 ”

1932 5317 2031 5382 curn
2051 5351 2069 5408 ,
