<?xml version="1.0" encoding="UTF-8"?>
<!DOCTYPE html PUBLIC "-//W3C//DTD XHTML 1.0 Transitional//EN"
    "http://www.w3.org/TR/xhtml1/DTD/xhtml1-transitional.dtd">
<html xmlns="http://www.w3.org/1999/xhtml" xml:lang="en" lang="en">
 <head>
  <title>
</title>
<meta http-equiv="Content-Type" content="text/html;charset=utf-8" />
  <meta name='ocr-system' content='tesseract 3.04.00' />
  <meta name='ocr-capabilities' content='ocr_page ocr_carea ocr_par ocr_line ocrx_word'/>
</head>
<body>
  <div class='ocr_page' id='page_1' title='image "./memoriaepopulor02strigoog_0550.png"; bbox 0 0 4917 6992; ppageno 0'>
   <div class='ocr_carea' id='block_1_1' title="bbox 572 1231 1690 1528">
    <p class='ocr_par' dir='ltr' id='par_1_1' title="bbox 572 1231 1690 1528">
     <span class='ocr_line' id='line_1_1' title="bbox 634 1231 1690 1336; baseline 0.003 -26"><span class='ocrx_word' id='word_1_1' title='bbox 634 1331 636 1336; x_wconf 17' lang='lat'><strong>¹</strong></span> <span class='ocrx_word' id='word_1_2' title='bbox 772 1253 887 1335; x_wconf 71' lang='lat' dir='ltr'>su</span> <span class='ocrx_word' id='word_1_3' title='bbox 993 1240 997 1244; x_wconf 88' lang='lat'>·</span> <span class='ocrx_word' id='word_1_4' title='bbox 1255 1231 1690 1314; x_wconf 81' lang='lat' dir='ltr'>uvuurcosvsr</span> 
     </span>
     <span class='ocr_line' id='line_1_2' title="bbox 572 1331 1567 1528; baseline 0.011 -33"><span class='ocrx_word' id='word_1_5' title='bbox 572 1331 807 1496; x_wconf 49' lang='lat' dir='ltr'>&#39;illibati&#39;</span> <span class='ocrx_word' id='word_1_6' title='bbox 1259 1415 1264 1424; x_wconf 82' lang='lat'>&#39;</span> <span class='ocrx_word' id='word_1_7' title='bbox 1359 1454 1387 1503; x_wconf 77' lang='lat' dir='ltr'>e</span> <span class='ocrx_word' id='word_1_8' title='bbox 1413 1435 1454 1509; x_wconf 83' lang='lat' dir='ltr'>c.</span> <span class='ocrx_word' id='word_1_9' title='bbox 1486 1455 1567 1528; x_wconf 83' lang='lat'>449.</span> 
     </span>
    </p>
   </div>
   <div class='ocr_carea' id='block_1_2' title="bbox 747 1547 2123 1968">
    <p class='ocr_par' dir='ltr' id='par_1_2' title="bbox 832 1547 2123 1654">
     <span class='ocr_line' id='line_1_3' title="bbox 832 1547 2123 1654; baseline -0.004 -21"><span class='ocrx_word' id='word_1_10' title='bbox 832 1573 982 1640; x_wconf 63' lang='lat' dir='ltr'>meamet</span> <span class='ocrx_word' id='word_1_11' title='bbox 1002 1577 1069 1650; x_wconf 85' lang='lat' dir='ltr'>pro</span> <span class='ocrx_word' id='word_1_12' title='bbox 1083 1556 1255 1654; x_wconf 79' lang='lat' dir='ltr'>framenta</span> <span class='ocrx_word' id='word_1_13' title='bbox 1280 1551 1569 1652; x_wconf 62' lang='lat' dir='ltr'>cenlrm&#39;pm</span> <span class='ocrx_word' id='word_1_14' title='bbox 1594 1559 1668 1628; x_wconf 83' lang='lat' dir='ltr'>vitto</span> <span class='ocrx_word' id='word_1_15' title='bbox 1692 1555 1853 1634; x_wconf 72' lang='lat' dir='ltr'>Medum,</span> <span class='ocrx_word' id='word_1_16' title='bbox 1879 1547 1925 1626; x_wconf 87' lang='lat' dir='ltr'>lic</span> <span class='ocrx_word' id='word_1_17' title='bbox 1950 1557 2054 1651; x_wconf 85' lang='lat' dir='ltr'>enim</span> <span class='ocrx_word' id='word_1_18' title='bbox 2067 1555 2123 1628; x_wconf 86' lang='lat' dir='ltr'>lo·</span> 
     </span>
    </p>

    <p class='ocr_par' dir='ltr' id='par_1_3' title="bbox 833 1655 2123 1760">
     <span class='ocr_line' id='line_1_4' title="bbox 833 1655 2123 1760; baseline -0.012 -26"><span class='ocrx_word' id='word_1_19' title='bbox 833 1685 954 1734; x_wconf 81' lang='lat' dir='ltr'>comm</span> <span class='ocrx_word' id='word_1_20' title='bbox 979 1656 1106 1732; x_wconf 79' lang='lat' dir='ltr'>incolae</span> <span class='ocrx_word' id='word_1_21' title='bbox 1130 1659 1312 1732; x_wconf 43' lang='lat' dir='ltr'>vocant&amp;</span> <span class='ocrx_word' id='word_1_22' title='bbox 1350 1659 1421 1760; x_wconf 77' lang='lat' dir='ltr'>Qi</span> <span class='ocrx_word' id='word_1_23' title='bbox 1445 1681 1507 1730; x_wconf 91' lang='lat' dir='ltr'>nos</span> <span class='ocrx_word' id='word_1_24' title='bbox 1532 1657 1792 1750; x_wconf 75' lang='lat' dir='ltr'>comitabanntr,</span> <span class='ocrx_word' id='word_1_25' title='bbox 1825 1671 1861 1727; x_wconf 84' lang='lat' dir='ltr'>et</span> <span class='ocrx_word' id='word_1_26' title='bbox 1890 1655 1984 1743; x_wconf 89' lang='lat' dir='ltr'>nobis</span> <span class='ocrx_word' id='word_1_27' title='bbox 2022 1662 2123 1728; x_wconf 87' lang='lat' dir='ltr'>mini.</span> 
     </span>
    </p>

    <p class='ocr_par' dir='ltr' id='par_1_4' title="bbox 747 1752 2123 1968">
     <span class='ocr_line' id='line_1_5' title="bbox 834 1752 2123 1861; baseline -0.003 -25"><span class='ocrx_word' id='word_1_28' title='bbox 834 1760 1003 1842; x_wconf 58' lang='lat' dir='ltr'>issent„</span> <span class='ocrx_word' id='word_1_29' title='bbox 1017 1761 1207 1832; x_wconf 87' lang='lat' dir='ltr'>Cenchrum</span> <span class='ocrx_word' id='word_1_30' title='bbox 1233 1753 1460 1842; x_wconf 81' lang='lat' dir='ltr'>aduebebant,</span> <span class='ocrx_word' id='word_1_31' title='bbox 1483 1765 1657 1861; x_wconf 89' lang='lat' dir='ltr'>potionem</span> <span class='ocrx_word' id='word_1_32' title='bbox 1681 1778 1724 1832; x_wconf 82' lang='lat' dir='ltr'>ex</span> <span class='ocrx_word' id='word_1_33' title='bbox 1749 1752 1879 1832; x_wconf 85' lang='lat' dir='ltr'>hordeo</span> <span class='ocrx_word' id='word_1_34' title='bbox 1906 1756 2123 1861; x_wconf 73' lang='lat' dir='ltr'>praebentes,</span> 
     </span>
     <span class='ocr_line' id='line_1_6' title="bbox 747 1857 1441 1968; baseline -0.006 -32"><span class='ocrx_word' id='word_1_35' title='bbox 747 1897 800 1968; x_wconf 73' lang='lat'>29.</span> <span class='ocrx_word' id='word_1_36' title='bbox 839 1887 938 1966; x_wconf 87' lang='lat' dir='ltr'>quarn</span> <span class='ocrx_word' id='word_1_37' title='bbox 963 1857 1099 1948; x_wconf 73' lang='lat' dir='ltr'>Camars</span> <span class='ocrx_word' id='word_1_38' title='bbox 1122 1859 1251 1936; x_wconf 76' lang='lat' dir='ltr'>barbati</span> <span class='ocrx_word' id='word_1_39' title='bbox 1267 1857 1441 1962; x_wconf 83' lang='lat' dir='ltr'>appellant.</span> 
     </span>
    </p>
   </div>
   <div class='ocr_carea' id='block_1_3' title="bbox 1419 2059 1536 2166">
    <p class='ocr_par' dir='ltr' id='par_1_5' title="bbox 1419 2059 1536 2166">
     <span class='ocr_line' id='line_1_7' title="bbox 1419 2059 1536 2166; baseline 0.051 -6"><span class='ocrx_word' id='word_1_40' title='bbox 1419 2059 1452 2160; x_wconf 71' lang='lat' dir='ltr'>b</span> <span class='ocrx_word' id='word_1_41' title='bbox 1483 2077 1536 2166; x_wconf 73' lang='lat'>⁴5·</span> 
     </span>
    </p>
   </div>
   <div class='ocr_carea' id='block_1_4' title="bbox 810 2215 2127 4722">
    <p class='ocr_par' dir='ltr' id='par_1_6' title="bbox 835 2215 2126 3134">
     <span class='ocr_line' id='line_1_8' title="bbox 946 2215 2124 2332; baseline -0.004 -29"><span class='ocrx_word' id='word_1_42' title='bbox 946 2233 1061 2332; x_wconf 79' lang='lat' dir='ltr'>Longe</span> <span class='ocrx_word' id='word_1_43' title='bbox 1085 2229 1137 2302; x_wconf 83' lang='lat' dir='ltr'>via</span> <span class='ocrx_word' id='word_1_44' title='bbox 1161 2221 1338 2309; x_wconf 73' lang='lat' dir='ltr'>consens,</span> <span class='ocrx_word' id='word_1_45' title='bbox 1363 2221 1416 2298; x_wconf 90' lang='lat' dir='ltr'>die</span> <span class='ocrx_word' id='word_1_46' title='bbox 1441 2221 1481 2296; x_wconf 85' lang='lat' dir='ltr'>ad</span> <span class='ocrx_word' id='word_1_47' title='bbox 1505 2226 1644 2297; x_wconf 68' lang='lat' dir='ltr'>nodiem</span> <span class='ocrx_word' id='word_1_48' title='bbox 1664 2223 1861 2307; x_wconf 78' lang='lat' dir='ltr'><strong>inclinante,</strong></span> <span class='ocrx_word' id='word_1_49' title='bbox 1895 2215 1948 2298; x_wconf 88' lang='lat' dir='ltr'>ad</span> <span class='ocrx_word' id='word_1_50' title='bbox 1963 2219 2124 2326; x_wconf 69' lang='lat' dir='ltr'>paludem</span> 
     </span>
     <span class='ocr_line' id='line_1_9' title="bbox 838 2322 2122 2433; baseline -0.005 -30"><span class='ocrx_word' id='word_1_51' title='bbox 838 2322 1023 2433; x_wconf 77' lang='lat' dir='ltr'>quandam,</span> <span class='ocrx_word' id='word_1_52' title='bbox 1056 2326 1097 2401; x_wconf 89' lang='lat' dir='ltr'>ad</span> <span class='ocrx_word' id='word_1_53' title='bbox 1127 2351 1227 2427; x_wconf 86' lang='lat' dir='ltr'>quarn</span> <span class='ocrx_word' id='word_1_54' title='bbox 1261 2347 1416 2428; x_wconf 82' lang='lat' dir='ltr'>aquatum</span> <span class='ocrx_word' id='word_1_55' title='bbox 1449 2331 1539 2420; x_wconf 87' lang='lat' dir='ltr'>(erat</span> <span class='ocrx_word' id='word_1_56' title='bbox 1569 2330 1659 2406; x_wconf 80' lang='lat' dir='ltr'>enim</span> <span class='ocrx_word' id='word_1_57' title='bbox 1691 2331 1867 2426; x_wconf 75' lang='lat' dir='ltr'>elusaque</span> <span class='ocrx_word' id='word_1_58' title='bbox 1898 2335 1992 2428; x_wconf 89' lang='lat' dir='ltr'>potui</span> <span class='ocrx_word' id='word_1_59' title='bbox 2025 2331 2122 2422; x_wconf 86' lang='lat' dir='ltr'>apta)</span> 
     </span>
     <span class='ocr_line' id='line_1_10' title="bbox 861 2425 2124 2528; baseline -0.004 -26"><span class='ocrx_word' id='word_1_60' title='bbox 861 2435 982 2504; x_wconf 84' lang='lat' dir='ltr'>roximi</span> <span class='ocrx_word' id='word_1_61' title='bbox 1013 2434 1077 2505; x_wconf 89' lang='lat' dir='ltr'>vici</span> <span class='ocrx_word' id='word_1_62' title='bbox 1108 2427 1217 2513; x_wconf 83' lang='lat' dir='ltr'><strong>ibant,</strong></span> <span class='ocrx_word' id='word_1_63' title='bbox 1250 2434 1388 2502; x_wconf 85' lang='lat' dir='ltr'>tentoria</span> <span class='ocrx_word' id='word_1_64' title='bbox 1429 2425 1570 2517; x_wconf 58' lang='lat' dir='ltr'>finimus.</span> <span class='ocrx_word' id='word_1_65' title='bbox 1621 2431 1659 2498; x_wconf 92' lang='lat' dir='ltr'>ln</span> <span class='ocrx_word' id='word_1_66' title='bbox 1681 2452 1738 2500; x_wconf 91' lang='lat' dir='ltr'>ens</span> <span class='ocrx_word' id='word_1_67' title='bbox 1770 2446 1884 2501; x_wconf 80' lang='lat' dir='ltr'>vennts</span> <span class='ocrx_word' id='word_1_68' title='bbox 1922 2449 1956 2501; x_wconf 90' lang='lat' dir='ltr'>et</span> <span class='ocrx_word' id='word_1_69' title='bbox 1978 2425 2124 2528; x_wconf 87' lang='lat' dir='ltr'>procella</span> 
     </span>
     <span class='ocr_line' id='line_1_11' title="bbox 835 2451 2124 2632; baseline -0.004 -27"><span class='ocrx_word' id='word_1_70' title='bbox 835 2457 1015 2632; x_wconf 62' lang='lat' dir='ltr'>derepente</span> <span class='ocrx_word' id='word_1_71' title='bbox 1039 2549 1152 2604; x_wconf 85' lang='lat' dir='ltr'>exorta</span> <span class='ocrx_word' id='word_1_72' title='bbox 1176 2555 1254 2602; x_wconf 86' lang='lat' dir='ltr'>curn</span> <span class='ocrx_word' id='word_1_73' title='bbox 1278 2535 1402 2604; x_wconf 88' lang='lat' dir='ltr'><strong>tonitru</strong></span> <span class='ocrx_word' id='word_1_74' title='bbox 1428 2549 1460 2601; x_wconf 85' lang='lat' dir='ltr'>et</span> <span class='ocrx_word' id='word_1_75' title='bbox 1485 2528 1602 2602; x_wconf 82' lang='lat' dir='ltr'>crebris</span> <span class='ocrx_word' id='word_1_76' title='bbox 1626 2451 1805 2627; x_wconf 65' lang='lat' dir='ltr'>frigoribus</span> <span class='ocrx_word' id='word_1_77' title='bbox 1829 2547 1862 2602; x_wconf 87' lang='lat' dir='ltr'>et</span> <span class='ocrx_word' id='word_1_78' title='bbox 1887 2528 1994 2603; x_wconf 91' lang='lat' dir='ltr'>multo</span> <span class='ocrx_word' id='word_1_79' title='bbox 2018 2527 2124 2600; x_wconf 90' lang='lat' dir='ltr'>imbre</span> 
     </span>
     <span class='ocr_line' id='line_1_12' title="bbox 838 2625 2126 2730; baseline -0.004 -25"><span class='ocrx_word' id='word_1_80' title='bbox 838 2637 1017 2706; x_wconf 88' lang='lat' dir='ltr'>tentorium</span> <span class='ocrx_word' id='word_1_81' title='bbox 1041 2628 1189 2704; x_wconf 84' lang='lat' dir='ltr'>nostrum</span> <span class='ocrx_word' id='word_1_82' title='bbox 1216 2627 1361 2714; x_wconf 81' lang='lat' dir='ltr'>disiecit,</span> <span class='ocrx_word' id='word_1_83' title='bbox 1387 2648 1420 2702; x_wconf 85' lang='lat' dir='ltr'>at</span> <span class='ocrx_word' id='word_1_84' title='bbox 1444 2634 1554 2702; x_wconf 85' lang='lat' dir='ltr'>omnia</span> <span class='ocrx_word' id='word_1_85' title='bbox 1578 2627 1689 2699; x_wconf 84' lang='lat' dir='ltr'>nostra</span> <span class='ocrx_word' id='word_1_86' title='bbox 1716 2625 1860 2704; x_wconf 80' lang='lat' dir='ltr'>vtenlilia</span> <span class='ocrx_word' id='word_1_87' title='bbox 1885 2635 1920 2702; x_wconf 89' lang='lat' dir='ltr'>in</span> <span class='ocrx_word' id='word_1_88' title='bbox 1933 2632 2126 2730; x_wconf 82' lang='lat' dir='ltr'>proximam</span> 
     </span>
     <span class='ocr_line' id='line_1_13' title="bbox 838 2725 2126 2834; baseline -0.005 -27"><span class='ocrx_word' id='word_1_89' title='bbox 838 2729 995 2834; x_wconf 78' lang='lat' dir='ltr'>paludem</span> <span class='ocrx_word' id='word_1_90' title='bbox 1020 2730 1131 2805; x_wconf 88' lang='lat' dir='ltr'>voluit.</span> <span class='ocrx_word' id='word_1_91' title='bbox 1182 2730 1384 2804; x_wconf 90' lang='lat' dir='ltr'>Turbinibus</span> <span class='ocrx_word' id='word_1_92' title='bbox 1407 2732 1443 2800; x_wconf 92' lang='lat' dir='ltr'>in</span> <span class='ocrx_word' id='word_1_93' title='bbox 1466 2739 1541 2804; x_wconf 77' lang='lat' dir='ltr'>ae&#39;re</span> <span class='ocrx_word' id='word_1_94' title='bbox 1565 2734 1733 2815; x_wconf 82' lang='lat' dir='ltr'>excitatis,</span> <span class='ocrx_word' id='word_1_95' title='bbox 1758 2749 1791 2804; x_wconf 89' lang='lat' dir='ltr'>et</span> <span class='ocrx_word' id='word_1_96' title='bbox 1814 2725 1912 2814; x_wconf 84' lang='lat' dir='ltr'>casu,</span> <span class='ocrx_word' id='word_1_97' title='bbox 1939 2735 1996 2831; x_wconf 89' lang='lat' dir='ltr'>qui</span> <span class='ocrx_word' id='word_1_98' title='bbox 2022 2733 2126 2802; x_wconf 90' lang='lat' dir='ltr'>conti·</span> 
     </span>
     <span class='ocr_line' id='line_1_14' title="bbox 863 2825 2125 2931; baseline -0.004 -25"><span class='ocrx_word' id='word_1_99' title='bbox 863 2853 951 2916; x_wconf 83' lang='lat' dir='ltr'>erat,</span> <span class='ocrx_word' id='word_1_100' title='bbox 978 2826 1218 2931; x_wconf 73' lang='lat' dir='ltr'>perterrefadli‚</span> <span class='ocrx_word' id='word_1_101' title='bbox 1243 2829 1356 2904; x_wconf 89' lang='lat' dir='ltr'>locum</span> <span class='ocrx_word' id='word_1_102' title='bbox 1385 2828 1479 2904; x_wconf 89' lang='lat' dir='ltr'>illurn</span> <span class='ocrx_word' id='word_1_103' title='bbox 1504 2826 1724 2916; x_wconf 75' lang='lat' dir='ltr'>deseruimus,</span> <span class='ocrx_word' id='word_1_104' title='bbox 1754 2850 1788 2904; x_wconf 90' lang='lat' dir='ltr'>et</span> <span class='ocrx_word' id='word_1_105' title='bbox 1820 2833 1861 2905; x_wconf 79' lang='lat' dir='ltr'>eb</span> <span class='ocrx_word' id='word_1_106' title='bbox 1894 2837 2041 2906; x_wconf 86' lang='lat' dir='ltr'>inuicem</span> <span class='ocrx_word' id='word_1_107' title='bbox 2064 2825 2125 2901; x_wconf 82' lang='lat' dir='ltr'>dis·</span> 
     </span>
     <span class='ocr_line' id='line_1_15' title="bbox 836 2859 2125 3034; baseline -0.006 -26"><span class='ocrx_word' id='word_1_108' title='bbox 836 2859 970 3018; x_wconf 65' lang='lat' dir='ltr'>iociati,</span> <span class='ocrx_word' id='word_1_109' title='bbox 996 2935 1063 3004; x_wconf 90' lang='lat' dir='ltr'>buc</span> <span class='ocrx_word' id='word_1_110' title='bbox 1085 2931 1161 3005; x_wconf 91' lang='lat' dir='ltr'>illuc</span> <span class='ocrx_word' id='word_1_111' title='bbox 1187 2931 1354 3030; x_wconf 79' lang='lat' dir='ltr'>palantes,</span> <span class='ocrx_word' id='word_1_112' title='bbox 1379 2935 1467 3009; x_wconf 81' lang='lat' dir='ltr'>viam</span> <span class='ocrx_word' id='word_1_113' title='bbox 1492 2937 1708 3032; x_wconf 83' lang='lat' dir='ltr'>unusquisque</span> <span class='ocrx_word' id='word_1_114' title='bbox 1732 2931 1906 3017; x_wconf 83' lang='lat' dir='ltr'>nostrum,</span> <span class='ocrx_word' id='word_1_115' title='bbox 1938 2959 2041 3034; x_wconf 79' lang='lat' dir='ltr'>quam</span> <span class='ocrx_word' id='word_1_116' title='bbox 2067 2929 2125 3004; x_wconf 83' lang='lat' dir='ltr'>fibi</span> 
     </span>
     <span class='ocr_line' id='line_1_16' title="bbox 838 3029 2123 3134; baseline -0.002 -27"><span class='ocrx_word' id='word_1_117' title='bbox 838 3030 1056 3107; x_wconf 80' lang='lat' dir='ltr'>commodam</span> <span class='ocrx_word' id='word_1_118' title='bbox 1082 3029 1197 3115; x_wconf 77' lang='lat' dir='ltr'>duxit,</span> <span class='ocrx_word' id='word_1_119' title='bbox 1235 3029 1291 3106; x_wconf 91' lang='lat' dir='ltr'>sub</span> <span class='ocrx_word' id='word_1_120' title='bbox 1316 3033 1453 3106; x_wconf 89' lang='lat' dir='ltr'>tenebris</span> <span class='ocrx_word' id='word_1_121' title='bbox 1478 3052 1510 3105; x_wconf 90' lang='lat' dir='ltr'>et</span> <span class='ocrx_word' id='word_1_122' title='bbox 1535 3033 1687 3106; x_wconf 88' lang='lat' dir='ltr'>imbribus</span> <span class='ocrx_word' id='word_1_123' title='bbox 1715 3033 1760 3108; x_wconf 84' lang='lat' dir='ltr'>eli</span> <span class='ocrx_word' id='word_1_124' title='bbox 1785 3029 1978 3134; x_wconf 80' lang='lat' dir='ltr'>persecutus</span> <span class='ocrx_word' id='word_1_125' title='bbox 2031 3035 2123 3106; x_wconf 85' lang='lat' dir='ltr'>Tan·</span> 
     </span>
    </p>

    <p class='ocr_par' dir='ltr' id='par_1_7' title="bbox 810 3130 2124 3944">
     <span class='ocr_line' id='line_1_17' title="bbox 810 3130 2123 3235; baseline 0.002 -33"><span class='ocrx_word' id='word_1_126' title='bbox 810 3193 815 3202; x_wconf 94' lang='lat'><em>.</em></span> <span class='ocrx_word' id='word_1_127' title='bbox 841 3131 920 3209; x_wconf 90' lang='lat' dir='ltr'>dem</span> <span class='ocrx_word' id='word_1_128' title='bbox 944 3140 1070 3235; x_wconf 84' lang='lat' dir='ltr'>tuguria</span> <span class='ocrx_word' id='word_1_129' title='bbox 1096 3152 1129 3205; x_wconf 89' lang='lat' dir='ltr'>et</span> <span class='ocrx_word' id='word_1_130' title='bbox 1143 3133 1236 3206; x_wconf 76' lang='lat' dir='ltr'>teila</span> <span class='ocrx_word' id='word_1_131' title='bbox 1261 3138 1325 3208; x_wconf 85' lang='lat' dir='ltr'>vici</span> <span class='ocrx_word' id='word_1_132' title='bbox 1351 3130 1541 3217; x_wconf 79' lang='lat' dir='ltr'>subeuntes,</span> <span class='ocrx_word' id='word_1_133' title='bbox 1582 3132 1680 3224; x_wconf 83' lang='lat' dir='ltr'>(illuc</span> <span class='ocrx_word' id='word_1_134' title='bbox 1707 3141 1797 3210; x_wconf 89' lang='lat' dir='ltr'>enim</span> <span class='ocrx_word' id='word_1_135' title='bbox 1822 3132 1930 3208; x_wconf 76' lang='lat' dir='ltr'>diuisis</span> <span class='ocrx_word' id='word_1_136' title='bbox 1960 3133 2123 3209; x_wconf 81' lang='lat' dir='ltr'>itineribus</span> 
     </span>
     <span class='ocr_line' id='line_1_18' title="bbox 840 3231 2124 3338; baseline -0.004 -28"><span class='ocrx_word' id='word_1_137' title='bbox 840 3232 1093 3326; x_wconf 84' lang='lat' dir='ltr'>diuerteramus)</span> <span class='ocrx_word' id='word_1_138' title='bbox 1121 3259 1237 3306; x_wconf 86' lang='lat' dir='ltr'>onmes</span> <span class='ocrx_word' id='word_1_139' title='bbox 1262 3239 1298 3308; x_wconf 92' lang='lat' dir='ltr'>in</span> <span class='ocrx_word' id='word_1_140' title='bbox 1321 3262 1426 3310; x_wconf 85' lang='lat' dir='ltr'>vnum</span> <span class='ocrx_word' id='word_1_141' title='bbox 1452 3239 1691 3317; x_wconf 82' lang='lat' dir='ltr'>conuenimus‚</span> <span class='ocrx_word' id='word_1_142' title='bbox 1718 3258 1751 3310; x_wconf 89' lang='lat' dir='ltr'>et</span> <span class='ocrx_word' id='word_1_143' title='bbox 1773 3263 1833 3320; x_wconf 81' lang='lat' dir='ltr'>ea,</span> <span class='ocrx_word' id='word_1_144' title='bbox 1856 3263 1940 3338; x_wconf 84' lang='lat' dir='ltr'>qtue</span> <span class='ocrx_word' id='word_1_145' title='bbox 1965 3236 2058 3310; x_wconf 90' lang='lat' dir='ltr'>nobis</span> <span class='ocrx_word' id='word_1_146' title='bbox 2072 3231 2124 3306; x_wconf 87' lang='lat' dir='ltr'>de-</span> 
     </span>
     <span class='ocr_line' id='line_1_19' title="bbox 840 3333 2124 3438; baseline -0.002 -29"><span class='ocrx_word' id='word_1_147' title='bbox 840 3357 953 3436; x_wconf 82' lang='lat' dir='ltr'>erant,</span> <span class='ocrx_word' id='word_1_148' title='bbox 979 3333 1056 3408; x_wconf 88' lang='lat' dir='ltr'>cum</span> <span class='ocrx_word' id='word_1_149' title='bbox 1084 3333 1227 3409; x_wconf 87' lang='lat' dir='ltr'>clamore</span> <span class='ocrx_word' id='word_1_150' title='bbox 1251 3336 1508 3437; x_wconf 83' lang='lat' dir='ltr'>perquiliuimus.</span> <span class='ocrx_word' id='word_1_151' title='bbox 1557 3333 1611 3411; x_wconf 85' lang='lat' dir='ltr'>Ad</span> <span class='ocrx_word' id='word_1_152' title='bbox 1637 3363 1737 3437; x_wconf 89' lang='lat' dir='ltr'>quem</span> <span class='ocrx_word' id='word_1_153' title='bbox 1774 3338 1945 3438; x_wconf 82' lang='lat' dir='ltr'>strepitum</span> <span class='ocrx_word' id='word_1_154' title='bbox 1979 3337 2124 3430; x_wconf 75' lang='lat' dir='ltr'><strong>Scythae</strong></span> 
     </span>
     <span class='ocr_line' id='line_1_20' title="bbox 841 3431 2124 3537; baseline -0.002 -27"><span class='ocrx_word' id='word_1_155' title='bbox 841 3437 1027 3522; x_wconf 73' lang='lat' dir='ltr'>exilientes,</span> <span class='ocrx_word' id='word_1_156' title='bbox 1053 3433 1217 3520; x_wconf 84' lang='lat' dir='ltr'>calamos,</span> <span class='ocrx_word' id='word_1_157' title='bbox 1244 3438 1357 3537; x_wconf 90' lang='lat' dir='ltr'>quibus</span> <span class='ocrx_word' id='word_1_158' title='bbox 1379 3434 1422 3510; x_wconf 83' lang='lat' dir='ltr'>nd</span> <span class='ocrx_word' id='word_1_159' title='bbox 1447 3441 1560 3536; x_wconf 83' lang='lat' dir='ltr'>ignem</span> <span class='ocrx_word' id='word_1_160' title='bbox 1572 3456 1726 3524; x_wconf 76' lang='lat' dir='ltr'>utuntur,</span> <span class='ocrx_word' id='word_1_161' title='bbox 1751 3434 1918 3524; x_wconf 79' lang='lat' dir='ltr'>viserunt,</span> <span class='ocrx_word' id='word_1_162' title='bbox 1942 3431 2124 3511; x_wconf 84' lang='lat' dir='ltr'>etaccenso</span> 
     </span>
     <span class='ocr_line' id='line_1_21' title="bbox 840 3535 2124 3640; baseline -0.002 -28"><span class='ocrx_word' id='word_1_163' title='bbox 840 3537 964 3612; x_wconf 86' lang='lat' dir='ltr'>lumine</span> <span class='ocrx_word' id='word_1_164' title='bbox 994 3543 1260 3636; x_wconf 73' lang='lat' dir='ltr'>interrogarunt,</span> <span class='ocrx_word' id='word_1_165' title='bbox 1278 3631 1281 3638; x_wconf 23' lang='grc' dir='ltr'>Ι</span> <span class='ocrx_word' id='word_1_166' title='bbox 1299 3535 1380 3640; x_wconf 89' lang='lat' dir='ltr'>qnid</span> <span class='ocrx_word' id='word_1_167' title='bbox 1411 3540 1505 3612; x_wconf 87' lang='lat' dir='ltr'>nobis</span> <span class='ocrx_word' id='word_1_168' title='bbox 1537 3537 1716 3625; x_wconf 79' lang='lat' dir='ltr'>vellemus,</span> <span class='ocrx_word' id='word_1_169' title='bbox 1749 3545 1812 3639; x_wconf 84' lang='lat' dir='ltr'>qui</span> <span class='ocrx_word' id='word_1_170' title='bbox 1828 3561 1936 3616; x_wconf 82' lang='lat' dir='ltr'>tantos</span> <span class='ocrx_word' id='word_1_171' title='bbox 1967 3539 2124 3614; x_wconf 80' lang='lat' dir='ltr'>clamores</span> 
     </span>
     <span class='ocr_line' id='line_1_22' title="bbox 841 3634 2123 3740; baseline -0.001 -27"><span class='ocrx_word' id='word_1_172' title='bbox 841 3637 1037 3713; x_wconf 74' lang='lat' dir='ltr'>ederemus?</span> <span class='ocrx_word' id='word_1_173' title='bbox 1062 3637 1213 3722; x_wconf 74' lang='lat' dir='ltr'>Barbari,</span> <span class='ocrx_word' id='word_1_174' title='bbox 1239 3644 1296 3738; x_wconf 86' lang='lat' dir='ltr'>qui</span> <span class='ocrx_word' id='word_1_175' title='bbox 1320 3663 1383 3714; x_wconf 88' lang='lat' dir='ltr'>nos</span> <span class='ocrx_word' id='word_1_176' title='bbox 1398 3639 1656 3723; x_wconf 82' lang='lat' dir='ltr'>comitabantur,</span> <span class='ocrx_word' id='word_1_177' title='bbox 1681 3634 1943 3740; x_wconf 82' lang='lat' dir='ltr'>responderunt,</span> <span class='ocrx_word' id='word_1_178' title='bbox 1967 3666 2030 3714; x_wconf 85' lang='lat' dir='ltr'>nos</span> <span class='ocrx_word' id='word_1_179' title='bbox 2045 3659 2123 3712; x_wconf 88' lang='lat' dir='ltr'>tem·</span> 
     </span>
     <span class='ocr_line' id='line_1_23' title="bbox 840 3731 2124 3844; baseline 0.002 -31"><span class='ocrx_word' id='word_1_180' title='bbox 840 3739 960 3842; x_wconf 78' lang='lat' dir='ltr'>pestate</span> <span class='ocrx_word' id='word_1_181' title='bbox 994 3731 1156 3838; x_wconf 85' lang='lat' dir='ltr'>perculsos</span> <span class='ocrx_word' id='word_1_182' title='bbox 1189 3742 1318 3814; x_wconf 85' lang='lat' dir='ltr'>nubari.</span> <span class='ocrx_word' id='word_1_183' title='bbox 1367 3745 1478 3841; x_wconf 82' lang='lat' dir='ltr'>Itaque</span> <span class='ocrx_word' id='word_1_184' title='bbox 1508 3768 1570 3816; x_wconf 90' lang='lat' dir='ltr'>nos</span> <span class='ocrx_word' id='word_1_185' title='bbox 1599 3741 1768 3816; x_wconf 80' lang='lat' dir='ltr'>liberaliter</span> <span class='ocrx_word' id='word_1_186' title='bbox 1797 3749 1949 3820; x_wconf 85' lang='lat' dir='ltr'>inuitatos</span> <span class='ocrx_word' id='word_1_187' title='bbox 1981 3735 2124 3844; x_wconf 80' lang='lat' dir='ltr'>bospitio</span> 
     </span>
     <span class='ocr_line' id='line_1_24' title="bbox 844 3839 1782 3944; baseline -0.001 -27"><span class='ocrx_word' id='word_1_188' title='bbox 844 3861 1066 3942; x_wconf 83' lang='lat' dir='ltr'>exceperunt,</span> <span class='ocrx_word' id='word_1_189' title='bbox 1094 3857 1126 3912; x_wconf 88' lang='lat' dir='ltr'>et</span> <span class='ocrx_word' id='word_1_190' title='bbox 1152 3839 1280 3916; x_wconf 84' lang='lat' dir='ltr'>calamis</span> <span class='ocrx_word' id='word_1_191' title='bbox 1307 3839 1397 3914; x_wconf 85' lang='lat' dir='ltr'>liceis</span> <span class='ocrx_word' id='word_1_192' title='bbox 1420 3849 1532 3944; x_wconf 87' lang='lat' dir='ltr'>ignem</span> <span class='ocrx_word' id='word_1_193' title='bbox 1557 3840 1782 3916; x_wconf 86' lang='lat' dir='ltr'>accendemnt.</span> 
     </span>
    </p>

    <p class='ocr_par' dir='ltr' id='par_1_8' title="bbox 842 3939 2127 4517">
     <span class='ocr_line' id='line_1_25' title="bbox 889 3939 2124 4044; baseline -0.003 -28"><span class='ocrx_word' id='word_1_194' title='bbox 889 3956 898 3965; x_wconf 83' lang='lat'><em>&#39;</em></span> <span class='ocrx_word' id='word_1_195' title='bbox 951 3948 1025 4016; x_wconf 82' lang='lat' dir='ltr'>vrci</span> <span class='ocrx_word' id='word_1_196' title='bbox 1057 3940 1215 4025; x_wconf 82' lang='lat' dir='ltr'>domina,</span> <span class='ocrx_word' id='word_1_197' title='bbox 1254 3941 1424 4044; x_wconf 81' lang='lat' dir='ltr'>quondam</span> <span class='ocrx_word' id='word_1_198' title='bbox 1449 3971 1512 4019; x_wconf 86' lang='lat' dir='ltr'>vna</span> <span class='ocrx_word' id='word_1_199' title='bbox 1551 3969 1592 4017; x_wconf 90' lang='lat' dir='ltr'>ex</span> <span class='ocrx_word' id='word_1_200' title='bbox 1622 3941 1740 4017; x_wconf 81' lang='lat' dir='ltr'>bledae</span> <span class='ocrx_word' id='word_1_201' title='bbox 1767 3945 1923 4018; x_wconf 73' lang='lat' dir='ltr'>viroribus</span> <span class='ocrx_word' id='word_1_202' title='bbox 1962 3939 2124 4028; x_wconf 68' lang='lat' dir='ltr'>necata).</span> 
     </span>
     <span class='ocr_line' id='line_1_26' title="bbox 842 4038 2125 4145; baseline -0.005 -25"><span class='ocrx_word' id='word_1_203' title='bbox 842 4045 936 4120; x_wconf 83' lang='lat' dir='ltr'>Haec</span> <span class='ocrx_word' id='word_1_204' title='bbox 961 4044 1069 4116; x_wconf 86' lang='lat' dir='ltr'>nobis¹</span> <span class='ocrx_word' id='word_1_205' title='bbox 1087 4042 1224 4128; x_wconf 83' lang='lat' dir='ltr'>cibaria,</span> <span class='ocrx_word' id='word_1_206' title='bbox 1262 4062 1295 4116; x_wconf 91' lang='lat' dir='ltr'>et</span> <span class='ocrx_word' id='word_1_207' title='bbox 1319 4045 1467 4118; x_wconf 85' lang='lat' dir='ltr'>mulieres</span> <span class='ocrx_word' id='word_1_208' title='bbox 1498 4038 1685 4128; x_wconf 83' lang='lat' dir='ltr'>formosos,</span> <span class='ocrx_word' id='word_1_209' title='bbox 1727 4071 1804 4117; x_wconf 89' lang='lat' dir='ltr'>curn</span> <span class='ocrx_word' id='word_1_210' title='bbox 1836 4046 1950 4145; x_wconf 87' lang='lat' dir='ltr'>quibus</span> <span class='ocrx_word' id='word_1_211' title='bbox 1980 4050 2063 4117; x_wconf 86' lang='lat' dir='ltr'>iocis</span> <span class='ocrx_word' id='word_1_212' title='bbox 2094 4057 2125 4113; x_wconf 87' lang='lat' dir='ltr'>et</span> 
     </span>
     <span class='ocr_line' id='line_1_27' title="bbox 842 4138 2125 4244; baseline -0.004 -26"><span class='ocrx_word' id='word_1_213' title='bbox 842 4141 948 4218; x_wconf 82' lang='lat' dir='ltr'>amori</span> <span class='ocrx_word' id='word_1_214' title='bbox 972 4139 1213 4242; x_wconf 85' lang='lat' dir='ltr'>indulgeremus</span> <span class='ocrx_word' id='word_1_215' title='bbox 1238 4145 1326 4238; x_wconf 85' lang='lat' dir='ltr'>(boc</span> <span class='ocrx_word' id='word_1_216' title='bbox 1349 4150 1440 4217; x_wconf 89' lang='lat' dir='ltr'>enirn</span> <span class='ocrx_word' id='word_1_217' title='bbox 1465 4140 1552 4244; x_wconf 81' lang='lat' dir='ltr'>apud</span> <span class='ocrx_word' id='word_1_218' title='bbox 1566 4147 1702 4238; x_wconf 83' lang='lat' dir='ltr'>Scythas</span> <span class='ocrx_word' id='word_1_219' title='bbox 1727 4149 1851 4219; x_wconf 88' lang='lat' dir='ltr'>honori</span> <span class='ocrx_word' id='word_1_220' title='bbox 1877 4145 2026 4240; x_wconf 89' lang='lat' dir='ltr'>ducitur)</span> <span class='ocrx_word' id='word_1_221' title='bbox 2055 4138 2125 4239; x_wconf 90' lang='lat' dir='ltr'>sup·</span> 
     </span>
     <span class='ocr_line' id='line_1_28' title="bbox 842 4237 2124 4348; baseline 0.002 -32"><span class='ocrx_word' id='word_1_222' title='bbox 842 4243 1003 4344; x_wconf 85' lang='lat' dir='ltr'>peditauit.</span> <span class='ocrx_word' id='word_1_223' title='bbox 1053 4241 1244 4318; x_wconf 86' lang='lat' dir='ltr'>Mulieribus</span> <span class='ocrx_word' id='word_1_224' title='bbox 1271 4269 1334 4343; x_wconf 91' lang='lat' dir='ltr'>pro</span> <span class='ocrx_word' id='word_1_225' title='bbox 1359 4247 1435 4318; x_wconf 89' lang='lat' dir='ltr'>cibis</span> <span class='ocrx_word' id='word_1_226' title='bbox 1469 4245 1616 4346; x_wconf 87' lang='lat' dir='ltr'>praebitis</span> <span class='ocrx_word' id='word_1_227' title='bbox 1639 4251 1753 4346; x_wconf 86' lang='lat' dir='ltr'>gratias</span> <span class='ocrx_word' id='word_1_228' title='bbox 1783 4253 1910 4348; x_wconf 85' lang='lat' dir='ltr'>egimus</span> <span class='ocrx_word' id='word_1_229' title='bbox 1925 4247 1980 4331; x_wconf 70' lang='lat'>²),</span> <span class='ocrx_word' id='word_1_230' title='bbox 2013 4264 2046 4318; x_wconf 90' lang='lat' dir='ltr'>et</span> <span class='ocrx_word' id='word_1_231' title='bbox 2071 4237 2124 4314; x_wconf 79' lang='lat' dir='ltr'>sub</span> 
     </span>
     <span class='ocr_line' id='line_1_29' title="bbox 843 4337 2127 4517; baseline -0.005 -99"><span class='ocrx_word' id='word_1_232' title='bbox 843 4345 934 4517; x_wconf 45' lang='lat' dir='ltr'>fillis</span> <span class='ocrx_word' id='word_1_233' title='bbox 963 4341 1079 4416; x_wconf 76' lang='lat' dir='ltr'>nolitis</span> <span class='ocrx_word' id='word_1_234' title='bbox 1103 4337 1260 4418; x_wconf 88' lang='lat' dir='ltr'>somnum</span> <span class='ocrx_word' id='word_1_235' title='bbox 1284 4344 1466 4445; x_wconf 80' lang='lat' dir='ltr'>capientes,</span> <span class='ocrx_word' id='word_1_236' title='bbox 1498 4349 1537 4420; x_wconf 91' lang='lat' dir='ltr'>ab</span> <span class='ocrx_word' id='word_1_237' title='bbox 1568 4373 1681 4420; x_wconf 89' lang='lat' dir='ltr'>earum</span> <span class='ocrx_word' id='word_1_238' title='bbox 1716 4345 1949 4422; x_wconf 83' lang='lat' dir='ltr'>consuetudine</span> <span class='ocrx_word' id='word_1_239' title='bbox 1979 4347 2127 4420; x_wconf 84' lang='lat' dir='ltr'>abstinui·</span> 
     </span>
    </p>

    <p class='ocr_par' dir='ltr' id='par_1_9' title="bbox 842 4442 2126 4722">
     <span class='ocr_line' id='line_1_30' title="bbox 883 4442 2126 4548; baseline 0.002 -33"><span class='ocrx_word' id='word_1_240' title='bbox 883 4473 928 4516; x_wconf 90' lang='lat' dir='ltr'>us.</span> <span class='ocrx_word' id='word_1_241' title='bbox 971 4442 1076 4518; x_wconf 86' lang='lat' dir='ltr'>Simul</span> <span class='ocrx_word' id='word_1_242' title='bbox 1099 4470 1137 4516; x_wconf 85' lang='lat' dir='ltr'>ac</span> <span class='ocrx_word' id='word_1_243' title='bbox 1161 4444 1287 4546; x_wconf 66' lang='lat' dir='ltr'>illuxit,</span> <span class='ocrx_word' id='word_1_244' title='bbox 1303 4445 1354 4518; x_wconf 69' lang='lat' dir='ltr'>&#39;ad</span> <span class='ocrx_word' id='word_1_245' title='bbox 1380 4475 1443 4532; x_wconf 84' lang='lat' dir='ltr'>ea,</span> <span class='ocrx_word' id='word_1_246' title='bbox 1476 4474 1558 4548; x_wconf 76' lang='lat' dir='ltr'>quae</span> <span class='ocrx_word' id='word_1_247' title='bbox 1583 4474 1625 4521; x_wconf 86' lang='lat' dir='ltr'>ex</span> <span class='ocrx_word' id='word_1_248' title='bbox 1651 4447 1758 4521; x_wconf 81' lang='lat' dir='ltr'>nostra</span> <span class='ocrx_word' id='word_1_249' title='bbox 1781 4455 1908 4524; x_wconf 86' lang='lat' dir='ltr'>minuta</span> <span class='ocrx_word' id='word_1_250' title='bbox 1932 4442 2126 4548; x_wconf 78' lang='lat' dir='ltr'>supelletiile</span> 
     </span>
     <span class='ocr_line' id='line_1_31' title="bbox 842 4541 2125 4652; baseline -0.001 -33"><span class='ocrx_word' id='word_1_251' title='bbox 842 4541 1128 4632; x_wconf 72' lang='lat' dir='ltr'>desiderabantrn,</span> <span class='ocrx_word' id='word_1_252' title='bbox 1152 4545 1368 4649; x_wconf 86' lang='lat' dir='ltr'>perquirenda</span> <span class='ocrx_word' id='word_1_253' title='bbox 1398 4574 1513 4626; x_wconf 74' lang='lat' dir='ltr'>etnam</span> <span class='ocrx_word' id='word_1_254' title='bbox 1538 4553 1768 4632; x_wconf 83' lang='lat' dir='ltr'>conuertimus</span> <span class='ocrx_word' id='word_1_255' title='bbox 1819 4553 1913 4627; x_wconf 85' lang='lat' dir='ltr'>Haec</span> <span class='ocrx_word' id='word_1_256' title='bbox 1941 4553 2064 4652; x_wconf 72' lang='lat' dir='ltr'>partim</span> <span class='ocrx_word' id='word_1_257' title='bbox 2091 4549 2125 4618; x_wconf 91' lang='lat' dir='ltr'>in</span> 
     </span>
     <span class='ocr_line' id='line_1_32' title="bbox 845 4663 2124 4722; baseline -0.001 1"><span class='ocrx_word' id='word_1_258' title='bbox 845 4663 849 4674; x_wconf 60' lang='lat'><strong><em>⁴</em></strong></span> <span class='ocrx_word' id='word_1_259' title='bbox 2085 4669 2124 4722; x_wconf 68' lang='lat'>00</span> 
     </span>
    </p>
   </div>
   <div class='ocr_carea' id='block_1_5' title="bbox 764 4833 2128 5361">
    <p class='ocr_par' dir='ltr' id='par_1_10' title="bbox 847 4833 2126 4958">
     <span class='ocr_line' id='line_1_33' title="bbox 847 4833 2126 4958; baseline 0.005 -36"><span class='ocrx_word' id='word_1_260' title='bbox 847 4851 861 4940; x_wconf 61' lang='lat' dir='ltr'>j</span> <span class='ocrx_word' id='word_1_261' title='bbox 893 4863 935 4940; x_wconf 84' lang='lat' dir='ltr'>r)</span> <span class='ocrx_word' id='word_1_262' title='bbox 954 4833 1044 4942; x_wconf 28' lang='lat' dir='ltr'>&#39;sisar</span> <span class='ocrx_word' id='word_1_263' title='bbox 1064 4879 1126 4948; x_wconf 78' lang='grc' dir='ltr'>μεν</span> <span class='ocrx_word' id='word_1_264' title='bbox 1153 4843 1238 4934; x_wconf 74' lang='lat' dir='ltr'>ritu</span> <span class='ocrx_word' id='word_1_265' title='bbox 1262 4862 1464 4958; x_wconf 66' lang='lat' dir='ltr'>Keyxpoc,</span> <span class='ocrx_word' id='word_1_266' title='bbox 1555 4865 1600 4944; x_wconf 85' lang='lat' dir='ltr'>u)</span> <span class='ocrx_word' id='word_1_267' title='bbox 1622 4885 1689 4953; x_wconf 78' lang='grc' dir='ltr'>μια</span> <span class='ocrx_word' id='word_1_268' title='bbox 1715 4846 1750 4933; x_wconf 76' lang='lat' dir='ltr'>de</span> <span class='ocrx_word' id='word_1_269' title='bbox 1776 4852 1870 4942; x_wconf 74' lang='grc' dir='ltr'>ὦυτη</span> <span class='ocrx_word' id='word_1_270' title='bbox 1902 4880 1974 4931; x_wconf 79' lang='lat' dir='ltr'>rut</span> <span class='ocrx_word' id='word_1_271' title='bbox 2008 4840 2126 4942; x_wconf 65' lang='lat' dir='ltr'>ursle</span> 
     </span>
    </p>

    <p class='ocr_par' dir='ltr' id='par_1_11' title="bbox 849 4941 1871 5062">
     <span class='ocr_line' id='line_1_34' title="bbox 849 4941 1871 5062; baseline 0.004 -38"><span class='ocrx_word' id='word_1_272' title='bbox 849 4943 932 5028; x_wconf 61' lang='lat' dir='ltr'>dtas</span> <span class='ocrx_word' id='word_1_273' title='bbox 954 4941 991 5026; x_wconf 80' lang='lat' dir='ltr'>de</span> <span class='ocrx_word' id='word_1_274' title='bbox 1015 4945 1083 5031; x_wconf 79' lang='lat' dir='ltr'>o&#39;ue</span> <span class='ocrx_word' id='word_1_275' title='bbox 1101 4957 1121 5033; x_wconf 77' lang='grc' dir='ltr'><em>ὁ</em></span> <span class='ocrx_word' id='word_1_276' title='bbox 1131 4946 1248 5033; x_wconf 81' lang='lat' dir='ltr'>Medos</span> <span class='ocrx_word' id='word_1_277' title='bbox 1261 4958 1464 5062; x_wconf 72' lang='grc' dir='ltr'><strong><em>ἔπιχωςιως</em></strong></span> <span class='ocrx_word' id='word_1_278' title='bbox 1513 4981 1683 5050; x_wconf 57' lang='lat' dir='ltr'>putarent</span> <span class='ocrx_word' id='word_1_279' title='bbox 1697 4960 1871 5051; x_wconf 52' lang='lat' dir='ltr'>&amp;syrten</span> 
     </span>
    </p>

    <p class='ocr_par' dir='ltr' id='par_1_12' title="bbox 849 5045 2128 5158">
     <span class='ocr_line' id='line_1_35' title="bbox 849 5045 2128 5158; baseline 0.005 -31"><span class='ocrx_word' id='word_1_280' title='bbox 849 5065 1060 5152; x_wconf 69' lang='grc' dir='ltr'>κωλεμενος.</span> <span class='ocrx_word' id='word_1_281' title='bbox 1458 5055 1461 5060; x_wconf 71' lang='grc'><strong>’</strong></span> <span class='ocrx_word' id='word_1_282' title='bbox 1557 5075 1612 5150; x_wconf 82' lang='lat' dir='ltr'>x)</span> <span class='ocrx_word' id='word_1_283' title='bbox 1639 5079 1713 5133; x_wconf 73' lang='lat' dir='ltr'>ene</span> <span class='ocrx_word' id='word_1_284' title='bbox 1739 5090 1800 5158; x_wconf 73' lang='grc' dir='ltr'>μεν</span> <span class='ocrx_word' id='word_1_285' title='bbox 1816 5080 1998 5151; x_wconf 66' lang='lat' dir='ltr'>&#39;parmene</span> <span class='ocrx_word' id='word_1_286' title='bbox 2023 5045 2128 5133; x_wconf 62' lang='lat' dir='ltr'>exim</span> 
     </span>
    </p>

    <p class='ocr_par' dir='ltr' id='par_1_13' title="bbox 764 5151 2127 5361">
     <span class='ocr_line' id='line_1_36' title="bbox 859 5151 2127 5262; baseline 0.003 -35"><span class='ocrx_word' id='word_1_287' title='bbox 859 5189 862 5196; x_wconf 95' lang='lat'>·</span> <span class='ocrx_word' id='word_1_288' title='bbox 948 5193 969 5198; x_wconf 52' lang='lat'>¹·</span> <span class='ocrx_word' id='word_1_289' title='bbox 1037 5185 1041 5192; x_wconf 88' lang='lat'><em>·</em></span> <span class='ocrx_word' id='word_1_290' title='bbox 1152 5183 1155 5188; x_wconf 85' lang='lat'>·</span> <span class='ocrx_word' id='word_1_291' title='bbox 1511 5179 1740 5258; x_wconf 57' lang='grc' dir='ltr'>προκαμειῑων</span> <span class='ocrx_word' id='word_1_292' title='bbox 1768 5151 1932 5262; x_wconf 68' lang='lat' dir='ltr'>e&#39;dodiptut</span> <span class='ocrx_word' id='word_1_293' title='bbox 1957 5167 2127 5255; x_wconf 55' lang='grc' dir='ltr'>’φιλοφξϋ</span> 
     </span>
     <span class='ocr_line' id='line_1_37' title="bbox 764 5254 1699 5361; baseline 0.007 -34"><span class='ocrx_word' id='word_1_294' title='bbox 764 5297 771 5310; x_wconf 80' lang='lat'><em>,</em></span> <span class='ocrx_word' id='word_1_295' title='bbox 888 5254 1106 5329; x_wconf 63' lang='lat' dir='ltr'>2901&#39;R130V8</span> <span class='ocrx_word' id='word_1_296' title='bbox 1129 5259 1230 5344; x_wconf 57' lang='lat'>1²³5&amp;</span> <span class='ocrx_word' id='word_1_297' title='bbox 1510 5287 1699 5361; x_wconf 71' lang='grc' dir='ltr'><strong><em>νησαμενσι.</em></strong></span> 
     </span>
    </p>
   </div>
   <div class='ocr_carea' id='block_1_6' title="bbox 0 0 2471 6992">
    <p class='ocr_par' dir='ltr' id='par_1_14' title="bbox 0 0 2471 6992">
     <span class='ocr_line' id='line_1_38' title="bbox 0 0 2471 6992; baseline 0 0"><span class='ocrx_word' id='word_1_298' title='bbox 0 0 2471 6992; x_wconf 95' lang='lat' dir='ltr'> </span> 
     </span>
    </p>
   </div>
  </div>
 </body>
</html>
