4917 6992
1534 1333 1541 1342 ·
1620 1311 1825 1397 Ιηιμῐνετι-

887 1428 914 1472 2,
940 1407 977 1476 c,
1017 1421 1087 1496 534,
1396 1461 1399 1467 ,
1625 1407 1794 1465 ninuoL

327 1523 497 1602 castellum
522 1527 591 1600 hoc
615 1509 880 1610 vendicaueritis,
906 1525 1026 1600 bellum
1053 1525 1138 1600 iiicet
1162 1522 1290 1613 affore,
1327 1554 1396 1630 quo
1426 1559 1497 1608 non
1522 1539 1609 1635 Lity-

326 1632 448 1704 baeum
473 1624 603 1712 modo,
618 1619 686 1700 sed
711 1623 869 1729 quidquid
893 1632 989 1702 etiam
1006 1623 1172 1728 usurpastis
1185 1655 1227 1702 ex
1240 1628 1367 1718 alieno,
1392 1658 1605 1735 repetemus„.

399 1735 501 1804 Haec
523 1723 606 1803 erat,¹
615 1729 778 1802 literarum
804 1722 979 1801 sententia:
1021 1756 1084 1829 qua
1121 1729 1271 1823 Atalarrcj
1300 1740 1397 1808 matri
1421 1737 1567 1838 exposita
1593 1793 1606 1827 ,

326 1838 394 1909 eiua
420 1830 603 1911 mandato,
630 1835 666 1900 in
693 1831 783 1902 hunc
809 1827 952 1902 modum
979 1833 1093 1903 Gotthi
1119 1825 1312 1932 rescripsere.

402 1951 578 2054 „Epistola
599 1973 679 2034 tua,
703 1948 965 2052 praestantissime
1001 1947 1150 2034 Belisari,
1177 1951 1438 2032 admonitionem
1464 1963 1609 2065 comple·

328 2057 446 2139 ttinu,
475 2081 590 2130 veram
614 2055 703 2128 iiiam
729 2051 886 2153 quidem,
911 2050 1025 2128 sedin
1049 2053 1126 2130 aiios
1150 2063 1346 2156 quospiam,
1370 2065 1507 2136 minime
1530 2092 1609 2140 vero

327 2162 362 2228 in
386 2181 449 2230 nos
479 2159 623 2230 Gotthoe
649 2160 912 2250 conuenientem.
962 2153 1055 2227 Nihii
1081 2162 1192 2239 enim,
1218 2157 1310 2258 quod
1335 2156 1375 2234 ad
1399 2159 1611 2240 Iustinianum

216 2269 217 2272 ’
328 2264 412 2358 Aug.
438 2263 624 2358 pertineat,
652 2249 895 2355 usurpauimus:
922 2275 1006 2328 tanta
1032 2253 1110 2330 abfit
1137 2284 1155 2326 a
1181 2261 1273 2331 nobis
1295 2257 1422 2337 insarnia
1453 2267 1611 2344 Nostram

330 2379 440 2432 autem
463 2353 531 2430 effe
557 2353 785 2430 contendimus
800 2356 939 2430 Siciliam
967 2377 1094 2440 totam,
1121 2361 1209 2430 cuius
1227 2387 1246 2432 e
1257 2372 1494 2459 promontoriis
1505 2397 1610 2442 vnum

330 2459 374 2532 est
396 2457 547 2554 Lilybaei
572 2455 743 2532 castellum.
797 2456 900 2559 Qud
931 2454 956 2528 fi
997 2457 1233 2562 Theodericus
1265 2457 1370 2536 sorori
1405 2461 1500 2551 suae,
1542 2477 1612 2570 regi

329 2557 559 2633 vandalorum
582 2579 725 2658 nuptae,
750 2559 846 2633 Siculi
872 2557 1002 2631 alicuius
1030 2562 1171 2658 emporii
1195 2566 1327 2660 'copiam
1351 2561 1452 2649 fecit,
1488 2565 1523 2641 id
1546 2596 1610 2670 pro

332 2661 437 2736 nihilo
459 2662 568 2741 habe,
598 2689 676 2734 cum
700 2659 788 2760 apud
811 2687 872 2733 nos
895 2659 974 2760 legis
999 2663 1190 2734 authoritate
1216 2689 1288 2735 non
1301 2663 1416 2740 valeat.
1436 2671 1498 2743 Tu
1509 2697 1609 2755 vero,
1702 2718 1705 2720 -

331 2762 482 2862 magister
506 2762 673 2846 militum,
706 2789 847 2862 aequum
872 2755 1004 2842 seceris,
1032 2757 1059 2834 ii
1083 2767 1118 2833 in
1143 2764 1499 2852 animuminduxeris,
1536 2798 1609 2845 non

332 2865 509 2950 hostiliter,
534 2859 589 2937 sed
614 2869 717 2939 amice
741 2863 913 2964 transigere
940 2857 1203 2938 controuersiam.
1255 2873 1295 2941 In
1334 2895 1402 2970 quo
1437 2867 1517 2943 iilud
1552 2867 1611 2946 dis·
1634 2852 1714 2972 ,Μ’

333 2973 452 3039 crimen
478 2966 523 3040 est
548 3017 559 3047 ,
581 2963 690 3066 ¹quod
726 2971 822 3038 amici
858 2963 925 3038 lites
962 2964 1091 3038 arbitrio
1130 2961 1322 3052 dirimunt,
1356 2966 1468 3044 hostes
1504 2945 1649 3048 antiss

332 3071 403 3141 Noe
425 3087 512 3142 certe
534 3069 630 3140 hu'us
659 3069 812 3141 arbitrum
837 3061 1077 3139 controuersiae
1102 3065 1312 3143 lastinianum
1337 3077 1424 3172 Aug.
1449 3068 1626 3162 feremus,‘

332 3165 422 3269 quod
446 3196 488 3241 ex
516 3195 621 3268 aequo
650 3191 681 3241 et
714 3169 805 3258 bono
819 3165 1038 3252 ¹indicauerit,
1071 3167 1260 3267 ampiexun'.
1310 3167 1424 3248 Porro
1438 3181 1612 3274 cupimus,

314 3281 368 3343 'vt
395 3275 560 3372 praecipiti
585 3267 723 3344 confilio
753 3282 919 3343 maturum
943 3287 1140 3370 praeoptet,
1167 3265 1421 3377 sententiamque,
1456 3280 1609 3379 expetiet
1691 3313 1696 3318 ·

331 3375 480 3472 principis
512 3379 589 3457 tni„.
1360 3427 1363 3430 -
1662 3442 1666 3450 .

408 3501 502 3570 Haec
527 3524 545 3567 a
570 3499 700 3573 Gotthit
725 3489 881 3594 rescripta.
930 3497 975 3567 At
988 3487 1149 3566 Belii'ariuu¹
1174 3491 1215 3568 de
1239 3523 1276 3570 re
1293 3516 1361 3572 tota
1374 3507 1504 3577 certiori
1517 3501 1609 3582 fatto

216 3641 217 3660 ,
297 3678 300 3684 ,
342 3604 559 3698 inperatore,
583 3598 663 3672 nihil
689 3623 825 3670 mouere
850 3595 978 3678 stantit,
1010 3589 1117 3668 donee
1143 3599 1209 3670 eiru
1243 3597 1395 3683 mandata
1432 3603 1610 3707 accepiss'ee

380 3816 446 3874 104·
467 3799 548 3864 Idem
573 3801 642 3866 ibid.
662 3821 690 3886 p.
715 3814 778 3876 248.
794 3877 804 3886 ..
