4917 6992
589 1262 785 1354 'Imp'l'ttao-

590 1367 697 1420 noeto
717 1355 754 1418 ΙΙ.

792 1173 852 1250 ,a
992 1133 995 1144 '
1134 1198 1174 1240 ,¹
1213 1119 1651 1230 austriaca-vm

795 1467 864 1548 fet:
890 1469 984 1553 dixi,
1007 1473 1111 1544 vereri
1136 1493 1214 1555 me,
1238 1493 1282 1542 ne
1308 1353 1430 1568 aliquii
1448 1371 1674 1550 dicabarbatis,
1709 1465 1767 1566 qui
1799 1461 1952 1539 Serdicae
1974 1467 2083 1542 nobis·

797 1602 875 1648 cum
901 1567 1019 1672 epulati
1044 1589 1158 1655 erant,
1183 1571 1316 1646 Attilam
1342 1564 1586 1650 abalienalsent,
1612 1586 1645 1638 et
1661 1565 1823 1668 Bigilam,
1849 1571 2082 1645 Romanunm

748 1755 750 1760 ,
796 1681 1029 1775 imperatorem
1051 1675 1187 1757 Deum,
1220 1670 1354 1745 Attilam
1380 1696 1460 1744 vero
1485 1670 1660 1740 hominem
1692 1662 1864 1767 appellasse
1894 1666 2076 1744 retulilfent

713 1851 716 1857 ,
751 1851 756 1857 ,
799 1781 909 1880 Qam
939 1777 1123 1846 orationem
1155 1777 1357 1857 Maximinus
1390 1791 1429 1850 ve
1457 1765 1665 1843 verifimilem
1702 1769 1748 1844 'cll
1779 1769 1958 1870 amplexata
2009 1775 2085 1845 Nec

764 1951 766 1954 .
797 1883 888 1952 enim
914 1869 1143 1948 coniurationis
1176 1877 1212 1945 in
1235 1871 1370 1946 Attilam
1380 1875 1498 1964 ‚initae
1529 1873 1699 1968 particeps.
1720 1865 1835 1942 brerae
1869 1865 1927 1947 sed
1965 1873 2084 1971 Bigilan

689 1981 706 2041 ’.
798 1979 969 2078 ambiguus
994 1978 1095 2054 aniani
1120 1998 1211 2058 erat,
1236 1999 1345 2074 neque
1371 1965 1523 2068 caussm,
1549 1989 1585 2044 vt
1608 1971 1692 2042 milti
1715 1967 1867 2054 videtur,
1892 1966 1963 2052 fatis
1986 1968 2086 2072 suspi-

799 2084 863 2154 cari
888 2095 1035 2178 poterat,
1060 2101 1160 2176 quare
1183 2073 1294 2149 Attilas
1321 2101 1399 2146 eum
1424 2091 1493 2146 tam
1517 2071 1636 2144 acerbis
1660 2075 1814 2146 conuiciis
1838 2065 2008 2146 tutemus
2038 2067 2086 2146 es·

801 2175 856 2255 set.
907 2171 981 2250 Nec*
1006 2181 1155 2250 enimin
1180 2181 1328 2259 animum
1352 2171 1447 2246 suum
1471 2170 1628 2248 inducere
1651 2192 1803 2272 poterat,
1824 2192 1864 2246 vt
1878 2175 1972 2248 nobis
1996 2172 2086 2273 pollss

802 2307 840 2356 ea
865 2277 992 2362 retulit,
1018 2283 1181 2350 enuntiata
1198 2271 1323 2359 fuille,
1349 2279 1492 2374 quaein
1519 2277 1675 2347 conuiuio
1700 2271 1789 2373 apud
1804 2273 1972 2346 Serdicam
2000 2273 2087 2348 dicta
2131 2302 2134 2307 ·

799 2379 952 2462 fuerant,
977 2382 1314 2461 autconiurationem
1338 2381 1373 2448 in
1386 2375 1519 2448 Attilam
1544 2373 1715 2452 detectam.
1767 2377 1858 2446 Cum
1872 2382 1963 2457 enim
1977 2401 2086 2450 nemo

801 2508 844 2556 ex
872 2482 967 2553 omni
990 2476 1222 2565 multitudine,
1249 2503 1331 2578 quae
1344 2477 1461 2549 Attilae
1488 2473 1732 2558 circumstabat,
1758 2496 1898 2576 excepto
1911 2475 2087 2572 Edecone,

802 2577 955 2662 auderet,
980 2605 1057 2679 prae
1080 2597 1193 2661 metu,
1232 2583 1289 2679 qui
1313 2583 1466 2651 omnium
1496 2595 1622 2650 mentes
1651 2570 1855 2678 peruaserat,
1887 2606 1966 2652 cum
1989 2577 2088 2652 Attila

720 2732 729 2740 ·
803 2679 1211 2768 sermonemtinllituern
1238 2676 1406 2777 credebat,
1431 2675 1624 2753 Edeconem
1656 2704 1698 2751 eo
1730 2675 1911 2753 studiofine
1932 2677 2087 2754 dattrrotn

807 2807 970 2883 operam,
1003 2785 1117 2854 omnia
1155 2777 1283 2856 silentio
1316 2785 1514 2880 transigere,
1553 2799 1626 2852 mm
1663 2799 1799 2878 propter
1839 2779 2091 2864 iusiurandum,

804 2903 878 2959 tum
904 2901 1037 2980 propter
1062 2885 1186 2980 negotii
1210 2887 1426 2980 grauitatem,
1463 2907 1531 2962 ne,
1565 2884 1640 2978 quia
1666 2877 1865 2955 clandestinis
1890 2887 1926 2959 in
1947 2881 2090 2957 Attilam

806 2979 949 3062 emittis
967 2969 1184 3070 interfuerat,
1209 3007 1282 3056 reus
1305 2979 1460 3057 iudicatus
1482 3003 1593 3086 poena
1611 2975 1808 3061 afficeretur.

1389 3189 1421 3287 i
1452 3211 1505 3279 aa

910 3354 1005 3428 llaec
1029 3377 1107 3426 cum
1132 3353 1282 3453 ambigua
1304 3372 1416 3450 mente
1440 3351 1670 3436 volueramus,
1708 3340 1847 3424 Edecon
1881 3343 2092 3450 superuenit,

747 3449 750 3455 ¹
808 3470 842 3527 et
865 3451 1006 3528 abduc‘lo
1037 3453 1191 3526 anollro
1217 3473 1314 3526 coetu
1338 3454 1463 3556 Rigila,
1502 3451 1665 3552 (lingebat
1690 3456 1804 3535 enim,
1836 3450 1919 3525 velle
1949 3477 2023 3524 vere
2056 3471 2092 3524 et

807 3535 890 3631 ferio
916 3551 958 3628 de
981 3553 1217 3652 praemeditaris
1240 3559 1405 3628 intereos
1429 3549 1548 3640 inlidiis
1571 3555 1687 3654 agere)
1725 3554 1779 3624 vbi
1818 3578 1936 3625 aumm
1968 3547 2090 3625 adferri

776 3733 780 3740 ¹
808 3660 994 3755 praecepit,
1025 3649 1117 3754 quod
1144 3658 1193 3727 his
1218 3651 1369 3740 daretur,
1401 3661 1458 3755 qui
1485 3651 1680 3753 exequendo
1707 3648 1845 3724 facinori
1872 3679 2010 3752 operam
2033 3655 2091 3725 na·
2173 3741 2177 3749 Ι

692 3754 695 3764 “
808 3763 916 3828 traturi
941 3777 1052 3837 aaut,
1078 3750 1220 3832 discessu.
1272 3759 1347 3855 Ego
1373 3783 1452 3829 vero
1485 3783 1563 3827 curn
1595 3753 1732 3852 Bigilam
1764 3751 1920 3826 curiolius
1949 3759 2093 3852 inquire·

808 3881 905 3942 tem,
930 3874 1012 3957 quos
1036 3851 1199 3930 sermones
1223 3851 1334 3929 fecum
1359 3855 1497 3932 Edecon
1527 3851 1704 3938 habuisset,
1745 3853 1895 3952 decipere
1931 3854 2093 3953 perstitit,

731 3983 734 3990 ’
809 3953 963 4058 deceptus
989 3977 1022 4030 et
1045 3951 1134 4055 ipse,
1161 3977 1193 4030 et
1216 3985 1327 4031 veram
1351 3953 1462 4032 secreti
1486 3984 1564 4028 curn
1587 3955 1744 4030 Edecone
1776 3955 1942 4055 colloquii
1961 3951 2092 4028 causam

813 4057 1000 4140 occultans,
1040 4073 1247 4130 conunentus
1278 4057 1347 4138 est,
1388 4057 1445 4132 libi
1476 4053 1669 4131 Edeconem
1707 4052 1841 4143 darilla,
1878 4053 2014 4129 Attilam
2044 4055 2092 4128 illi

811 4178 948 4257 propter
970 4151 1148 4256 transfugas
1171 4151 1385 4233 succensuiffe.
1437 4163 1636 4257 Oportuerat
1660 4160 1750 4230 euim
1774 4176 1829 4229 aut
1854 4183 1971 4230 omnes
2003 4155 2092 4242 restig

760 4283 761 4288 ’
813 4278 927 4342 tuere,
950 4277 1004 4330 aut
1027 4257 1149 4359 legatos
1173 4284 1214 4330 ex
1238 4284 1357 4332 eorum
1382 4285 1523 4332 numero
1550 4257 1591 4331 ad
1614 4257 1708 4333 illum
1733 4263 1868 4342 venire,
1893 4261 1951 4358 qui
1973 4277 2094 4358 poten-

814 4363 858 4432 tia
882 4378 917 4432 et
939 4358 1053 4457 opibus
1080 4357 1317 4433 miecellebane
1921 4424 1936 4452 ,

914 4461 1008 4534 Haec
1034 4457 1116 4532 dum
1141 4459 1382 4560 loquebamur,
1406 4456 1568 4533 aduenere
1592 4459 1631 4532 ab
1659 4458 1779 4542 Attila,
1810 4461 1868 4557 qui
1898 4455 2036 4556 Bigilam
2061 4477 2098 4530 et

813 4559 1130 4659 nos'prohiberent,
1159 4566 1324 4661 captiutun
1349 4563 1542 4634 Romanum
1576 4580 1630 4634 aut
1659 4561 1831 4634 barbanum
1862 4562 2063 4656 mancipium
2081 4609 2097 4641 ,

689 4656 700 4679 ⁸
814 4679 869 4732 aut
895 4687 1019 4762 equos,
1046 4681 1100 4754 aut
1127 4668 1302 4763 quicquam
1326 4659 1412 4734 aliud
1436 4689 1569 4744 emere,
1607 4682 1832 4762 praeterquam
1868 4685 1951 4760 quae
1981 4653 2024 4730 ad
2049 4662 2098 4730 vi·

816 4763 909 4836 chrm
935 4757 1104 4836 necessaria
1130 4784 1246 4848 erant,
1273 4762 1382 4843 donec
1407 4768 1489 4856 inter
1513 4770 1682 4836 Romanos
1705 4785 1738 4836 et
1762 4765 1908 4835 Hunnos
1932 4757 1975 4831 de
1999 4758 2097 4834 rebus

816 4861 1033 4948 controuersia
1059 4861 1265 4940 conuenisset.
1314 4867 1407 4936 Haec
1432 4863 1499 4936 astu
1525 4883 1563 4935 'et
1585 4861 1819 4963 praemeditato
1846 4858 1986 4935 consilio
2024 4861 2097 4932 bar·

815 4961 909 5034 barus
934 4958 1089 5047 faciebat,
1123 4985 1190 5063 quo
1214 4962 1336 5037 facilius
1363 4967 1398 5035 Bi
1424 4963 1498 5037 iiam
1537 4961 1665 5062 inipso
1691 4961 1780 5038 fadlo
1812 4956 2100 5062 deprehenderet,

817 5088 897 5166 eom
920 5064 1045 5143 nullam
1067 5061 1135 5141 fatis
1160 5063 1318 5144 idoneam
1345 5090 1382 5139 ca
1417 5091 1471 5142 am
1496 5059 1698 5144 comninisci
1721 5059 1848 5172 pollet,
1870 5065 1907 5138 itt
1929 5087 2099 5164 quaman-

1961 5224 1963 5227 -
2018 5187 2103 5239 mm
