4917 6992
801 1230 857 1313 ‚5⁸
1226 1172 1658 1298 sormconvu

590 1314 793 1397 rmnrvsn.
1151 1316 1162 1327 ’
1261 1324 1276 1344 ’“

590 1413 708 1465 >tutuo
734 1410 757 1475 1.
1194 1477 1201 1490 ,
1340 1445 1371 1492 t
1399 1424 1438 1497 Q
1469 1442 1537 1515 537·

736 1592 742 1599 -
800 1559 942 1641 pontem
966 1541 1095 1617 'fruens
1118 1540 1256 1618 offendit
1278 1544 1378 1643 pardo
1403 1564 1476 1617 ante
1501 1572 1520 1614 a
1545 1534 1692 1617 Belrlario
1723 1538 1824 1612 ‘turri
1851 1563 1889 1609 ee
1914 1537 2075 1637 praefidit)

793 1645 992 1725 mimirum,
1017 1669 1058 1716 eo
1091 1664 1219 1717 tentum
1265 1642 1437 1727 consilio,
1475 1664 1545 1726 vt,
1583 1640 1759 1740 expediuts
1801 1640 1839 1711 ab
1878 1644 2076 1737 imperatore

802 1769 905 1814 nouas
927 1768 972 1814 co
995 1749 1061 1826 ias,
1087 1772 1218 1817 moram
1241 1746 1327 1818 hosti
1352 1749 1389 1815 in
1412 1752 1463 1818 via
1486 1744 1674 1843 longiorem
1699 1744 1851 1813 iniiceret.
1903 1738 1967 1813 Sed
1995 1739 2076 1814 dum

799 1838 869 1941 ipse
893 1844 959 1915 Beli
972 1849 1054 1915 arius
1076 1842 1119 1917 ad
1143 1846 1296 1932 Tiberim
1321 1845 1419 1917 castra
1444 1850 1557 1917 metari
1581 1860 1696 1941 perat,
1721 1846 1831 1937 pontis
1859 1838 2005 1913 custodes
2031 1863 2076 1915 et·

800 1947 1110 2018 tonitiGotthorum
1131 1951 1256 2048 ingenti
1278 1972 1439 2030 nurnero,
1461 1949 1544 2019 turri
1554 1964 1655 2019 noctu
1665 1939 1786 2029 relius,
1811 1947 1846 2017 iu
1859 1946 2075 2045 conponam

800 2048 889 2117 isere
909 2039 1024 2117 frutisn
1043 2043 1065 2119 ².
1853 2050 1856 2053 ’

1372 2154 1404 2252 p.
1437 2164 1503 2234 188.

686 2282 757 2389 2'99.
817 2366 822 2373 ,
873 2292 1027 2368 Postridie
1055 2297 1194 2380 Gotthi,
1234 2290 1372 2371 ell‘rtrflis
1403 2296 1494 2371 nullo
1520 2298 1656 2395 negotio
1681 2298 1773 2369 turris
1801 2288 1946 2377 foribus,
1987 2292 2071 2369 obfi-

795 2392 899 2470 steute
922 2402 1078 2481 nemine,
1100 2395 1239 2470 fluuitun
1265 2394 1463 2470 tranliernnt.
1511 2391 1697 2469 ‘Belisarius
1722 2421 1801 2471 vero
1828 2394 1868 2469 de
1893 2393 2067 2481 custodum

798 2490 877 2596 luge
901 2496 1063 2570 nihildum
1083 2524 1164 2569 eum
1189 2492 1342 2579 audiffet,
1381 2497 1549 2571 stlocum
1580 2496 1683 2569 callris
1724 2492 2001 2597 ci1·ctunlpicerct,
2037 2502 2076 2569 in

798 2597 907 2670 hostes
931 2596 1066 2680 incidit,
1093 2618 1125 2669 et
1149 2624 1227 2687 etun
1257 2603 1294 2669 iis
1318 2624 1466 2699 pugnem
1490 2602 1570 2669 inire
1594 2604 1731 2699 cogitur.
1782 2602 1848 2671 Hic
1884 2598 1959 2674 lieet
1992 2624 2074 2671 snus

797 2692 867 2769 fere
890 2698 929 2767 ab
955 2700 1106 2770 omnibus
1129 2697 1196 2770 telis
1224 2696 1300 2771 esset
1324 2694 1509 2797 petitusdl,
1541 2692 1595 2769 sna
1632 2720 1743 2772 tamen
1761 2718 1810 2777 ,et
1844 2702 2075 2797 ‘protedlorum

796 2790 931 2870 suorum
953 2804 1070 2873 virtute
1091 2798 1285 2883 incolmnis,
1313 2798 1403 2875 nullo
1419 2794 1562 2871 effertus
1587 2800 1745 2883 vulnere,
1772 2826 1837 2871 nec
1860 2798 1966 2874 miffdi
1999 2824 2074 2897 per-

797 2892 901 2969 tullus
925 2896 1074 2972 euafit’.
1127 2897 1284 2974 Tandem
1308 2902 1453 2973 Romani
1483 2906 1597 2973 virtute
1635 2897 1689 2973 sua
1727 2900 1856 2974 hollern
1893 2896 2071 2983 fuderunt,

798 3025 862 3071 nec
884 2994 963 3097 fuga
987 2999 1102 3072 destitit
1140 3001 1351 3073 barbarorum
1376 3007 1489 3100 ingens
1514 3000 1714 3083 multitudo,
1756 2998 1863 3073 donec
1897 2998 1938 3073 nd
1977 3000 2076 3073 cellra

797 3094 852 3173 sus
876 3106 1047 3198 peruenit:
1072 3100 1125 3173 vbi
1151 3104 1352 3175 Gotthornm
1374 3100 1496 3203 pedites
1520 3124 1663 3177 recentes
1687 3098 1795 3173 adhuc
1819 3122 1851 3174 et
1875 3106 1989 3201 integri
2016 3108 2077 3175 im·

798 3219 914 3300 petum
938 3202 1081 3273 hostium
1105 3198 1342 3286 sustinuerunt,
1382 3230 1502 3303 eosque
1525 3198 1618 3274 facile
1656 3203 1893 3301 propulerunt,
1921 3200 2078 3277 ‘redime

774 3372 776 3376 .
801 3322 959 3403 gratoque
983 3302 1111 3401 proelio
1136 3308 1307 3376 Romanos
1331 3302 1374 3375 nd
1399 3324 1507 3402 portas
1535 3330 1633 3401 usque
1661 3308 1789 3376 Romae
1812 3299 1944 3376 insecuti
1982 3300 2074 3387 sunt,

689 3442 694 3455 ·
798 3403 916 3502 -quibus
949 3428 1020 3475 uon
1043 3424 1139 3487 ante,
1165 3431 1265 3503 quam
1289 3410 1402 3477 iterato
1430 3409 1465 3475 in
1489 3406 1630 3477 Gotthes
1655 3410 1779 3502 impetu
1805 3432 1862 3476 eos
1889 3400 2074 3503 repulisset,

799 3528 954 3597 recepere
980 3498 1162 3575 Belisarium
1193 3508 1346 3577 Romani.
1379 3509 1458 3604 Hoc
1494 3504 1621 3601 proelio
1650 3506 1818 3602 Wfhndur
1843 3504 2073 3587 Bondelarins,

803 3605 966 3683 Gotthns,
992 3602 1173 3675 vnlneratus
1198 3602 1364 3687 concidit,
1392 3625 1424 3677 et
1448 3610 1530 3676 inter
1554 3624 1702 3675 mortuos
1739 3606 1886 3691 relictos,
1925 3604 1976 3679 die
1999 3602 2074 3707 poll

799 3706 897 3779 ertio
921 3698 1040 3805 spirtus
1066 3700 1173 3779 adhuc
1199 3732 1218 3778 a
1242 3700 1303 3783 luis
1327 3727 1473 3809 receptcu
1497 3725 1532 3780 et
1554 3700 1692 3779 seruanrs
1718 3704 1762 3780 est
1781 3704 1860 3779 ².-

1370 3914 1405 4010 §.
1432 3926 1500 4005 189.

895 4053 988 4124 ‘Sub
1012 4052 1094 4125 haee
1117 4074 1239 4125 temere
1267 4077 1383 4124 rumor
1410 4048 1451 4123 de
1491 4046 1634 4123 hostium
1674 4056 1709 4123 in
1746 4050 1860 4127 vrbem
1895 4056 2072 4154 irruptione

800 4146 980 4248 spargitur,
1004 4148 1112 4225 vnde'
1135 4150 1243 4223 adhuc
1267 4156 1375 4227 Roma
1400 4149 1540 4225 tumultu
1568 4148 1693 4251 trepido
1732 4153 1826 4253 plena
1868 4176 1955 4235 erat,
1995 4176 2072 4224 cum

773 4251 916 4350 'Vitigis
937 4248 979 4321 sd
1004 4272 1136 4348 portum
1157 4251 1313 4325 Salariam
1340 4256 1384 4328 V
1379 4259 1448 4325 urin
1475 4250 1618 4336 ducem,
1648 4258 1754 4325 virum
1785 4282 1856 4328 non
1883 4254 2072 4354 ignobilem,

799 4348 941 4424 dellinnt.
992 4356 1071 4454 Qu
1099 4350 1152 4424 ille
1178 4380 1256 4425 cum
1282 4350 1471 4433 accersisset,
1499 4356 1655 4426 Romanis
1679 4354 1851 4453 perfidiam
1876 4362 1911 4427 in
1929 4358 2070 4431 Gotthos

799 4454 940 4535 obiecit,
965 4480 1002 4522 sc
1026 4448 1251 4551 proditionem
1274 4456 1502 4552 exprobrauit,
1529 4479 1652 4550 quam,
1677 4478 1712 4527 vt
1737 4454 1882 4539 dicebat,
1907 4462 1942 4527 in
1967 4452 2071 4552 seipsi

797 4572 830 4625 st
855 4560 990 4649 patriam
1015 4550 1190 4634 cuderent,
1227 4558 1431 4628 Gottltorum
1455 4560 1598 4651 potentia
1625 4556 1803 4653 posthabita
1827 4563 1977 4642 Graecis,
2013 4560 2069 4655 qui

795 4658 878 4724 tueri
903 4648 986 4751 ipsos
1012 4680 1081 4725 non
1107 4650 1299 4755 pulsent-.
1349 4660 1441 4729 Haec
1468 4654 1590 4753 aliaque
1616 4657 1776 4730 eiusmodi
1814 4662 1954 4757 plutima
1978 4656 2067 4728 locu·

795 4773 846 4825 ³¹1⁸
870 4758 985 4837 Vatis,
1026 4780 1104 4833 cunt
1128 4760 1159 4831 ei
1182 4782 1283 4835 nemo
1321 4753 1566 4861 responderet,
1616 4752 1658 4830 ad
1695 4762 1835 4841 Gotthos
1872 4778 1904 4832 et
1942 4762 2085 4860 Vitigin.

798 4850 900 4941 tediis
913 4892 960 4917 a·

1927 4958 1974 5055 ᾗ
2002 4982 2070 5049 190.

837 5152 892 5209 ⁸39·
917 5136 958 5199 ld.
985 5136 1058 5199 ibid.
1087 5161 1112 5204 e.
1142 5154 1182 5209 ιε.
1203 5154 1388 5226 psus-357.
1461 5145 1543 5219 rins,
1567 5146 1711 5207 aGraecis
1733 5140 1844 5211 Plautio
1857 5186 1868 5218 ,
1898 5143 2057 5207 abarbasi

842 5220 893 5301 d)
915 5225 1000 5306 Equo
1022 5242 1092 5288 tetes
1118 5228 1283 5323 vehebatur
1311 5226 1412 5292 Belisa-
1460 5231 1542 5296 Bala
1566 5231 1656 5293 disin.
