4917 6992
356 1531 460 1614 breite
484 1533 559 1636 Qut
580 1531 616 1604 in
639 1552 675 1604 re
697 1525 928 1634 gratfficaretur
953 1534 1163 1632 imperatori,
1201 1547 1235 1604 et
1256 1555 1319 1632 per
1355 1528 1390 1604 se
1422 1534 1650 1606 contentiones

318 1661 324 1674 ’
356 1638 547 1715 dninrerut
572 1624 797 1732 Respondenti·
821 1631 1032 1708 Maximino:
1065 1630 1091 1706 fi
1124 1637 1158 1704 in
1184 1657 1257 1705 rem
1289 1627 1490 1734 praesentem
1522 1628 1652 1706 descen·

358 1740 463 1823 deus,
486 1738 674 1837 imperatori
698 1737 835 1836 gretiam
859 1731 1018 1819 referret,
1043 1753 1076 1808 et
1102 1729 1305 1808 diffidiorum
1330 1732 1436 1810 causas
1450 1731 1564 1808 sedulo
1579 1759 1654 1834 per·

358 1839 523 1922 scrutans,
550 1834 591 1908 de
603 1836 697 1931 rebue
725 1835 939 1910 controuerso
963 1832 1143 1911 secundum
1169 1833 1374 1910 conditiones
1396 1833 1581 1910 foederibus
1596 1831 1654 1906 ad·

355 1939 488 2041 scriptas
514 1935 671 2014 iudicium
705 1930 800 2010 suum
824 1941 1054 2037 interponeret.
1105 1939 1202 2010 Tum
1242 1942 1318 2012 One
1342 1934 1423 2010 eiius
1462 1931 1656 2035 respondit,

361 2039 396 2120 se
419 2035 614 2115 iamdudum
639 2043 871 2137 imperatorem
895 2058 928 2112 et
952 2065 1031 2124 coe,
1057 2041 1113 2137 qui
1138 2041 1169 2110 ei
1194 2063 1213 2110 a
1240 2064 1281 2112 co
1318 2038 1379 2111 diis
1406 2056 1517 2119 eram,
1540 2034 1656 2110 admo·

360 2137 490 2226 nuiss'e‚
522 2167 604 2242 quae
635 2133 711 2213 effer
735 2139 852 2214 Attilae
885 2137 929 2213 de
952 2143 1016 2213 hac
1046 2157 1115 2212 tota
1151 2164 1188 2210 re
1213 2134 1378 2213 sententia.
1429 2144 1485 2212 An
1508 2140 1656 2212 Romani

360 2243 565 2336 existimant}
590 2243 719 2342 inquit,
743 2236 777 2313 se
801 2239 870 2316 vltis
893 2243 1040 2341 precibus
1065 2245 1192 2314 exorari
1216 2237 1330 2340 posse,
1354 2260 1391 2316 vt
1415 2235 1533 2343 prodat
1550 2234 1658 2312 domi·

361 2375 448 2425 num
471 2339 589 2426 fixum,
616 2361 649 2415 et
671 2341 766 2416 nihili
789 2337 885 2416 faciat
908 2340 1140 2416 educationem
1164 2339 1252 2441 apud
1277 2345 1416 2438 Scythas
1441 2366 1586 2414 errorum
1619 2357 1655 2413 et

362 2449 543 2524 uterorum
568 2437 731 2518 stromat
772 2469 844 2518 non
876 2469 1009 2546 quoque
1040 2448 1216 2542 potiorem
1245 2442 1367 2518 ducere
1406 2437 1497 2542 apud
1521 2438 1658 2516 Attilam

363 2547 573 2629 i'errritutenn
599 2571 699 2646 quam
725 2543 813 2643 apud
835 2549 1007 2620 Romanos
1031 2549 1184 2647 ingentes.
1203 2543 1313 2645 b‘pesi
1339 2549 1515 2618 Caeterum
1538 2539 1571 2616 fe
1591 2538 1657 2639 do·
1690 2563 1739 2639 35.

363 2655 415 2729 mi
438 2667 663 2722 remanentem
689 2651 808 2720 maiori
832 2673 950 2720 eorum
973 2644 1066 2720 rebus
1100 2643 1292 2721 adiumento
1326 2642 1500 2729 furemini,
1537 2647 1661 2744 quippe

388 2755 422 2826 ui
443 2745 639 2823 iracundum
665 2741 792 2820 domini
817 2752 964 2822 animum
988 2744 1150 2846 placaret,
1179 2767 1211 2820 et
1236 2745 1278 2819 ad
1300 2747 1466 2829 lenitatem
1490 2743 1658 2831 dederet,

363 2781 393 2932 d
417 2851 530 2954 quibus
552 2853 588 2921 in
612 2846 705 2922 rebus
731 2846 812 2950 quid
834 2845 944 2922 durius
971 2847 1063 2922 illum
1088 2853 1122 2919 in
1148 2851 1321 2923 Romanos
1345 2843 1512 2922 'consulere
1536 2851 1661 2920 contiu-

365 2975 481 3058 geret‚
507 2977 608 3051 quam
634 2944 660 3022 fi
687 2946 730 3022 ad
755 2977 810 3024 eos
836 2949 991 3025 accedens
1017 2955 1234 3022 crinnnationi
1259 2945 1292 3024 se
1319 2952 1495 3042 obiiceret,
1523 2945 1549 3021 fi
1573 2943 1687 3021 forte,

367 3053 450 3159 quid
476 3071 615 3135 contra,
639 3075 739 3150 quam
762 3052 879 3126 Ardae
903 3053 1078 3126 rationibus
1107 3049 1327 3124 commodum
1360 3048 1547 3132 uideretur,
1579 3045 1665 3123 face·
1753 3097 1759 3108 ,

369 3176 430 3232 ret.
479 3157 572 3254 Qae
596 3175 674 3222 cum
701 3149 848 3237 dixisset,
880 3173 913 3228 et
936 3179 992 3226 mc
1018 3151 1220 3252 coldoquium
1248 3180 1327 3224 cum
1359 3179 1401 3226 eo
1425 3147 1591 3224 facturum
1622 3145 1666 3222 de

367 3261 444 3339 his,
472 3279 554 3354 quae
579 3279 621 3326 ex
647 3257 657 3322 i
683 3247 717 3326 so
743 3251 919 3355 intelligere
948 3253 1181 3354 cupiebamus,
1204 3253 1419 3332 existimaret,
1447 3254 1488 3346 (a
1511 3250 1667 3326 Maximi-

367 3383 417 3434 no
442 3359 556 3438 enim,
581 3359 617 3426 in
646 3278 800 3457 dignitate
824 3353 1028 3440 constituto‘2
1060 3352 1190 3452 alienus,
1214 3373 1247 3430 et
1272 3337 1392 3457 pamm
1426 3350 1563 3428 decenae
1599 3367 1669 3426 erat
1722 3366 1725 3369 ’
1806 3402 1809 3407 -

370 3450 582 3565 congreffus)
605 3453 692 3530 abiit.

479 3720 640 3800 Postridie
662 3721 713 3798 ad·
729 3721 853 3802 domur
876 3726 992 3802 Attilae
1017 3729 1171 3802 interiore
1195 3719 1286 3827 septa
1308 3751 1364 3801 me
1391 3727 1540 3812 conardi,
1573 3723 1662 3798 done

371 3829 481 3906 ferens
505 3832 571 3912 eius
597 3831 692 3902 vxori
705 3879 720 3910 ‚·
741 3851 825 3928 quae
850 3827 976 3913 Cerco,
1001 3825 1028 3894 ἶ)
1061 3818 1247 3904 vocabatur.
1297 3835 1350 3900 Ex
1384 3855 1421 3902 ea
1462 3849 1524 3901 tres
1557 3824 1602 3898 illi
1626 3823 1663 3898 ti-

265 3945 276 3954 ‘
375 3933 453 4004 beri.
477 3933 592 4002 Senior
618 3933 684 4000 iarn
711 3947 786 4002 tum
808 3934 1020 4006 ternorum
1043 3929 1091 3993 7η)
1125 3949 1157 4001 et
1180 3928 1378 4030 reliquarum
1444 3933 1574 4011 utinm,
1599 3950 1665 4025 qua

372 4033 511 4125 ‘Scythia
537 4027 578 4100 ad
602 4034 745 4102 Pontum
769 4049 882 4129 patet,
912 4056 1022 4132 regno
1068 4030 1238 4103 oriebatur,
1282 4036 1405 4103 Intra'
1471 4025 1558 4130 septa
1575 4045 1666 4100 erant

377 4129 482 4208 mtrlta
507 4125 675 4212 aedificier
697 4135 816 4230 partim
841 4157 883 4206 err
908 4129 1019 4205 tabidis
1043 4055 1171 4231 1sdzulptie
1209 4150 1246 4204 er
1266 4130 1428 4231 eleganter
1460 4130 1667 4228 comptem,

379 4236 500 4334 partim
527 4257 569 4303 ex
593 4231 731 4304 trabibus
755 4257 856 4332 opere
881 4258 994 4332 puro,
1016 4249 1051 4304 et
1072 4235 1109 4304 in
1132 4231 1366 4307 redbtudinem
1386 4225 1505 4308 affabre
1530 4227 1667 4314 dolatio,

382 4354 417 4408 et
440 4331 570 4432 politis,
599 4357 681 4432 quae
706 4353 798 4408 erant
823 4336 1005 4408 interiediae
1041 4333 1136 4434 lignis
1163 4331 1205 4406 ad
1230 4353 1367 4408 tornum
1399 4333 1589 4414 elaboretis,
1615 4355 1668 4403 ex·
1799 4369 1804 4375 ·

382 4433 487 4509 mriba
518 4451 551 4505 et
578 4433 770 4532 compofita.
822 4434 946 4510 Circuli
981 4453 1091 4508 autem
1128 4429 1244 4510 asolo
1280 4439 1469 4536 incipientes
1505 4439 1540 4507 in
1567 4431 1669 4504 altruu

382 4533 586 4635 assurgebant.
617 4554 701 4606 certa
727 4541 945 4634 proportione
978 4555 1012 4610 et
1040 4533 1202 4628 mensura.
1257 4539 1324 4612 Hic
1361 4537 1521 4612 habitabat
1551 4532 1674 4620 Attilae·

384 4662 495 4719 uxor,
521 4633 688 4732 adquam
715 4637 882 4710 abarbarit
895 4691 914 4722 ‚.
933 4643 1084 4736 quicirca
1110 4643 1219 4711 ianuae
1245 4659 1362 4721 erant,
1389 4642 1503 4713 nadius
1527 4633 1671 4717 adium,

385 4731 492 4840 ipsane
514 4732 716 4836 deprehendi
737 4741 775 4812 ia
798 4737 898 4828 nesse
916 4735 1061 4845 mageb
1074 4744 1249 4845 ipceotem,
1295 4745 1373 4816 Erat
1383 4760 1494 4816 autem
1504 4739 1677 4839 pauimen-

772 4865 777 4872 '
865 4906 870 4915 .
1596 4855 1675 4914 mm

402 5055 408 5074 ·
430 5043 695 5146 retinuere.
720 5044 766 5116 63·
1097 5039 1163 5140 η)
1182 5047 1391 5150 &aragon

385 5128 645 5302 'omem’
664 5149 707 5218 iu
726 5137 850 5213 etum
872 5135 1010 5214 ernisto
1457 5170 1461 5183 ³
