4917 6992
801 1236 1296 1418 runornr1o
1604 1224 1751 1360 xi'

388 1474 468 1565 uel
502 1477 678 1567 minimo
706 1501 910 1592 quoque,
958 1503 1065 1592 quae
1097 1483 1240 1574 sufiori
1273 1489 1518 1604 interdum,
1565 1499 1694 1609 quom

393 1635 472 1724 pur
503 1631 622 1760 eruc,
669 1608 761 1697 stilo
803 1611 852 1696 ab
889 1612 1121 1699 rudioribus
1161 1642 1412 1732 narrantur,
1462 1627 1695 1745 perlustrari

385 1737 610 1889 pofleutff
598 1767 643 1826 ιιι
674 1765 761 1851 quo
792 1767 862 1827 me
896 1742 979 1854 iis,
1010 1747 1080 1855 qui
1111 1745 1177 1832 his
1210 1687 1414 1866 excerptis
1439 1757 1504 1841 vti
1523 1781 1697 1870 ,quae-

391 1895 474 1983 que
506 1873 549 1954 in
581 1872 632 1956 iis
664 1861 959 1984 continentur,
973 1876 1091 1962 scire
1120 1900 1246 1964 nuent
1262 1909 1439 1995 ,neque
1465 1884 1694 1976 tumenrol
1756 1971 1760 1976 .
1809 1921 1813 1928 ·

387 2017 511 2086 tanto
543 2019 736 2088 tenentur
769 1999 921 2088 harum
957 2027 1099 2090 rerum
1128 1944 1499 2118 cognoscendarum
1525 2018 1695 2128 studio,

390 2130 474 2216 uel
501 2132 558 2216 ita
590 2131 793 2219 abundant
824 2133 947 2242 otiu,
998 2154 1049 2222 ιι
1082 2139 1193 2222 susus
1212 2157 1255 2226 et
1287 2167 1435 2274 parum
1477 2146 1691 2238 interdum

389 2261 586 2350 iucundas
620 2260 778 2348 horum
808 2265 1059 2374 scriptorum
1095 2273 1348 2379 narrationes
1378 2273 1561 2384 integrus
1596 2305 1693 2391 per
1768 2350 1775 2360 .

387 2390 562 2499 legendi
594 2389 819 2492 molestiam
853 2395 1051 2481 deuorare
1081 2397 1339 2509 sustineant,
1361 2424 1529 2516 gratum
1563 2405 1710 2517 secute,

393 2522 580 2608 arbitror.
645 2517 903 2631 Caeterum,
945 2528 1013 2612 m'e
1045 2527 1089 2610 in
1119 2531 1318 2642 capitibus
1354 2555 1397 2619 et
1428 2534 1691 2652 paragraphis

390 2651 624 2738 diuidendis
655 2656 847 2740 omuibus
876 2655 1130 2766 sandeuile,
1174 2661 1252 2746 rix
1287 2666 1376 2748 une
1408 2667 1565 2778 sperare
1598 2667 1691 2779 poi
1758 2742 1763 2752 .

388 2785 510 2889 sem,
541 2780 654 2888 uili,
680 2782 824 2886 ιιιιοιι
859 2783 1047 2897 ultique,
1077 2784 1225 2874 multis
1253 2812 1362 2880 cette
1383 2791 1514 2904 locis,
1547 2793 1690 2883 iimi-

238 2996 244 3002 ,
388 2935 471 2996 nus
501 2917 722 3002 commodo
750 2911 934 3000 diuisum
965 2911 1043 3002 else
1076 2919 1353 3031 uideatur,
1342 2947 1384 3008 ιιι
1417 2947 1493 3012 res
1512 2927 1685 3040 potius,
1743 2981 1755 2996 ι

385 3066 514 3154 quam
550 3043 594 3130 in
629 3065 709 3130 me
715 3045 848 3156 culpo
883 3047 1150 3136 transferenda
1181 3050 1291 3140 elien
1325 3048 1543 3146 Interdum
1575 3081 1687 3174 quo·

384 3195 468 3284 que
484 3173 658 3282 accidit
690 3194 740 3262 ιι
757 3173 993 3289 quaedum
1023 3184 1385 3291 quaeroordine,
1415 3184 1687 3311 quemchtu·

335 3423 349 3432 ⁸
385 3301 555 3410 nolugia
589 3307 847 3417 requirebat,
899 3309 1119 3404 commode
1150 3311 1244 3400 ιιιιι
1274 3315 1411 3402 afferri
1444 3340 1528 3403 nott
1563 3336 1687 3432 poto·

383 3449 501 3538 tuot,
553 3433 597 3521 in
630 3433 832 3552 peculiare
869 3440 1068 3548 quoddam
1098 3463 1224 3552 cuput
1252 3445 1508 3536 coniiciendu
1538 3447 1679 3534 effent.
1775 3477 1790 3500 ι

539 3605 610 3679 DE
643 3595 965 3684 SVMMARHs,
1002 3609 1107 3698 quae
1148 3581 1263 3674 his'cr
1295 3575 1524 3675 Memoriis
1567 3611 1685 3702 prue-

338 3791 339 3794 ι
385 3713 515 3825 mili,
544 3721 680 3828 paucis
711 3717 839 3805 lector
874 3717 1102 3802 monendus
1129 3717 1197 3804 est.
1261 3719 1324 3807 Eu
1356 3718 1587 3845 quanquam
1615 3718 1684 3804 ni·

382 3845 454 3934 hil
483 3851 753 3956 contineant,
778 3865 887 3936 certe
918 3839 1130 3931 continere
1160 3847 1361 3952 debeant,
1390 3841 1470 3943 nili
1501 3871 1604 3956 quae
1635 3847 1681 3934 in

384 3961 590 4088 excerptis
623 3973 1009 4088 ipfisnortautu13
1041 3993 1176 4078 tamen
1200 4000 1377 4086 ,nequo
1414 3971 1525 4066 hunc
1567 3973 1688 4060 labo·

253 4163 257 4168 =
385 4131 479 4196 rem
518 4109 728 4215 ingratum
772 4109 858 4194 fore
908 4103 1169 4214 lectoribus,
1215 4106 1394 4197 confido.
1455 4101 1590 4189 Num·
1616 4127 1681 4191 ree

381 4239 574 4353 quasdam
608 4237 882 4350 praecipuas,
907 4235 978 4318 vel
1012 4257 1117 4344 quae
1153 4233 1260 4322 mihi
1289 4235 1429 4320 saltim
1451 4233 1552 4320 ntes
1569 4236 1678 4322 uisae
1716 4287 1720 4297 =

381 4371 511 4476 sunt,
542 4368 587 4450 iu
623 4367 848 4454 Memoriis
877 4361 972 4478 ipsis
1006 4387 1200 4474 maguum
1241 4384 1447 4478 partem,
1486 4365 1528 4450 id
1567 4363 1680 4476 quod

383 4498 679 4612 perordinem
713 4493 1061 4604 chronologicum
1095 4493 1220 4586 aliter
1253 4519 1337 4580 non
1357 4494 1513 4603 licuit,
1535 4493 1679 4578 ιιιιιιι-

382 4627 497 4735 dius,
531 4627 574 4711 in
603 4627 828 4713 summario
859 4627 926 4711 sub
956 4645 1076 4710 certa·
1095 4627 1295 4734 quaedum
1328 4627 1459 4737 cupita
1502 4621 1680 4710 teducius

379 4757 543 4863 collegi.
609 4755 754 4866 Capita
781 4781 891 4844 uero
897 4755 991 4841 illu
1023 4753 1147 4860 sunt,
1179 4749 1312 4841 Genus
1342 4773 1384 4841 et
1403 4752 1556 4840 Nomen
1574 4773 1678 4861 gen·

375 4887 469 4995 ιιι,
499 4882 647 4974 Tribus
678 4906 720 4970 et
752 4884 982 4992 Nationes,
1011 4881 1286 4994 Migrutiones
1317 4903 1361 4968 et
1393 4881 1554 5002 Sedet,
1594 4879 1678 4970 Hi

366 5015 530 5122 floria,
570 5014 718 5102 Genea!
712 5019 817 5128 ogiae
851 5041 1014 5129 regum,
1047 5007 1225 5100 Virili
1179 5039 1192 5098 t
1194 5013 1345 5118 llustret
1390 5032 1433 5100 et
1468 4994 1685 5099 Elenchus

362 5141 616 5269 scriptorum
645 5167 746 5260 quar
778 5165 1036 5236 tamennon
1068 5143 1218 5259 ubique
1250 5143 1394 5233 omniu
1424 5163 1677 5260 occurrunt,
1785 5248 1804 5265 ,

1604 5271 1673 5359 nu
