4917 6992
837 1157 906 1250 ⁶9⁶
1268 1087 1700 1258 auanrconvn

626 1260 703 1342 Imp.
726 1261 826 1324 Mav-

627 1361 737 1436 RlCiQ.
1191 1361 1194 1365 '
1388 1373 1421 1420 ι
1450 1349 1491 1420 Ο,
1515 1351 1585 1438 586·

589 1475 594 1486 “
624 1437 838 1582 Z'M‘Q'as
951 1475 1046 1554 „Viri
1069 1465 1199 1542 militiae
1223 1469 1339 1566 gnari,
1371 1487 1404 1538 et
1428 1463 1564 1546 fidentes
1590 1471 1693 1540 animi
1720 1460 1805 1560 (sed-
1822 1491 1899 1538 cum
1925 1487 1989 1540 tem
2012 1491 2055 1546 ‚us
2077 1463 2131 1538 ad·
2219 1491 2220 1494 ’

616 1598 621 1609 ’
652 1542 745 1597 ·597·
805 1538 951 1654 ⁵iuuat,
985 1596 1019 1647 et
1042 1561 1173 1642 fortuna
1210 1565 1275 1640 res'
1292 1559 1413 1638 nostias
1450 1559 1586 1667 propius
1624 1563 1757 1668 aspicit)
1791 1571 1885 1650 Viri,
1921 1491 2015 1666 apud
2047 1595 2127 1668 quos

841 1678 993 1748 omnium
1021 1697 1200 1744 commune
1224 1668 1610 1770 periculrun3.onrariu1n
1635 1675 1819 1742 communis
1845 1667 1876 1742 et
1890 1663 2062 1742 indiscreta
2087 1665 2126 1738 la·

835 1777 906 1850 lus:
955 1795 1090 1845 uantum
1115 1769 1266 1844 timiditas
1290 1761 1559 1868 reprehenditur,
1586 1791 1711 1843 tantum
1724 1768 1858 1846 vicissim
1876 1769 2011 1842 andacia
2020 1779 2036 1851 ¹,
2065 1775 2124 1841 eius
2220 1764 2221 1840 l

834 1799 1038 1956 aduolare,
1065 1880 1283 1972 vituperatur:
1311 1865 1474 1944 cunctatio
1498 1869 1685 1971 prudentiae
1709 1869 1874 1972 fastigium
1898 1873 1965 1956 eit,-
1991 1869 2127 1971 quando

834 2003 909 2051 aton
935 1975 1073 2049 dedecus
1099 2001 1163 2074 pro
1188 1975 1290 2046 bouo'
1303 1969 1656 2072 fautoqueconfiito„
1685 1970 1749 2047 sed
1764 1973 1865 2046 decus
1892 1999 1956 2074 pro
1982 1970 2061 2046 sana
2086 1978 2130 2044 ins

835 2078 1008 2177 telligentia
1031 2076 1220 2176 amplexata
1236 2070 1343 2146 fuerit.
1393 2081 1521 2148 Verum
1546 2073 1716 2160 enimuero
1744 2083 1931 2175 priusquam
1947 2075 2125 2148 verborum

832 2203 991 2250 meorum
1016 2183 1194 2277 quippiam
1211 2203 1233 2247 e
1256 2173 1379 2257 cordat
1405 2171 1550 2274 ipsonnn
1575 2171 1719 2250 fonteac
1730 2199 1879 2274 parente,
1895 2173 1926 2248 se
1941 2195 2124 2275 expromat,
2221 2209 2222 2244 i

834 2301 868 2354 et
891 2277 935 2350 illi
960 2303 1049 2350 autes
1075 2278 1194 2350 vestrae
1220 2277 1486 2360 obstetricenmr,
1518 2275 1652 2378 dignam
1685 2278 1754 2350 fide
1778 2276 1868 2350 ducis
1901 2282 2126 2351 arietorintem

835 2380 994 2480 paulisper
1019 2375 1185 2478 seponite,
1211 2405 1254 2449 ne
1277 2373 1364 2450 sorte
1387 2381 1478 2452 vobis
1502 2375 1634 2452 studere
1655 2385 1858 2478 cupientium
1876 2407 1975 2454 voces
1989 2401 2126 2477 praeter·

836 2485 935 2565 eatis,
962 2487 1063 2580 iisque
1093 2486 1295 2578 interceptis,
1320 2486 1413 2552 ianua
1446 2479 1689 2579 praecludatur:
1715 2503 1747 2552 et
1773 2487 1956 2553 orationem
1984 2479 2126 2552 noslrarn

835 2587 924 2682 prius
950 2587 1097 2664 eiiciatis‚
1122 2605 1222 2680 quam
1251 2579 1390 2653 domum
1417 2583 1552 2654 vesiram
1580 2577 1820 2654 intromiseritis.
1870 2587 1950 2654 Hoc
1976 2585 2072 2652 enim
2087 2574 2126 2650 es·
2222 2628 2223 2686 3

836 2683 935 2757 ficere
960 2681 1087 2780 potest,
1110 2687 1164 2753 cni
1185 2702 1325 2780 propter
1349 2681 1380 2752 di
1404 2688 1539 2778 nitatem
1571 2683 1751 2782 plurimum
1786 2703 1818 2756 et
1840 2679 1994 2756 facillime
2033 2679 2125 2770 credi·

742 2825 746 2833 ·
837 2804 914 2864 tur,
948 2789 999 2854 cui
1023 2807 1094 2856 non
1118 2779 1250 2855 alirmde
1277 2707 1427 2884 acquisita
1452 2789 1498 2856 vis
1525 2785 1628 2867 inest,
1662 2785 1866 2857 voluntatem
1894 2811 1958 2884 pro
1991 2803 2124 2854 temone

838 2881 1024 2983 possidens,
1054 2885 1220 2956 audientes
1247 2907 1313 2980 quo
1337 2885 1426 2955 lubet
1450 2882 1510 2954 diri
1537 2889 1569 2956 it.
1619 2892 1658 2957 in
1683 2885 1811 2958 hostem
1844 2891 1890 2956 ire
1918 2883 1988 2958 dux
2025 2887 2126 2955 honr·

841 3007 915 3065 tur,
942 3005 974 3056 et
996 2983 1130 3055 obuersa
1154 3009 1253 3080 prora
1276 2989 1385 3082 paucis
1410 2911 1581 3058 aduersum
1606 2986 1727 3059 multos
1751 2983 1973 3086 nauigandum
1987 2980 2125 3078 censet,

839 3081 939 3183 idque
963 3111 1043 3155 cum
1067 3104 1099 3155 et
1123 3083 1237 3156 Callus
1261 3089 1398 3182 perierit.
1449 3093 1519 3159 lam
1544 3107 1659 3161 etrvoa
1693 3091 1775 3158 mihi
1808 3087 1898 3181 telles
1930 3087 2028 3168 eilia,
2063 3111 2123 3155 non

779 3237 828 3308 50·
842 3212 958 3258 omnes
980 3183 1132 3256 nostrtnii
1158 3184 1270 3277 (liceat
1295 3187 1381 3258 bona
1405 3214 1484 3260 cum
1508 3195 1602 3262 venia
1627 3194 1791 3262 ueritatem
1811 3187 1940 3260 riudam
1953 3188 2123 3286 proloqui)

840 3285 968 3388 proelio
991 3283 1132 3360 idoneos
1157 3283 1268 3359 videri.
1319 3285 1419 3386 Apud
1444 3317 1500 3362 me
1525 3287 1658 3389 quidem
1687 3311 1772 3362 certe
1798 3289 1874 3364 licia
1901 3311 1933 3360 et
1958 3313 2126 3360 commen·

840 3391 907 3459 titia
930 3385 1020 3465 laus,
1044 3411 1119 3462 vera
1144 3408 1177 3459 et
1199 3385 1279 3457 iulia
1303 3393 1537 3487 vituperatione
1564 3385 1783 3490 despicabilior
1806 3393 1956 3463 habetur:
1983 3386 2124 3490 qnando·

839 3483 973 3584 quidem
998 3511 1047 3558 res
1074 3483 1157 3586 ipsae
1188 3493 1346 3560 encomiis
1370 3517 1440 3562 non
1463 3491 1660 3566 ancillantur.
1711 3489 1834 3592 Qid?
1865 3519 1905 3562 sn
1932 3515 2002 3561 non
2031 3487 2121 3590 paulo

839 3603 914 3660 ante
941 3614 1088 3687 pugnam
1114 3587 1275 3661 inutilibus
1302 3589 1477 3663 casstorntn
1505 3591 1685 3665 cullodiam
1711 3591 1778 3666 dux
1809 3589 2000 3664 mandauit?
2037 3613 2124 3688 atque

839 3689 975 3762 illorum
1000 3711 1210 3762 munerantur
1236 3713 1388 3790 quatema
1411 3693 1530 3778 millia,
1563 3715 1597 3768 vt
1622 3722 1693 3767 non
1723 3693 1864 3766 multum
1891 3691 1989 3776 abfit,
2026 3697 2123 3793 quin,

840 3787 931 3891 qnod
959 3790 1169 3891 relinquitur,
1195 3791 1395 3866 bellatoribus
1423 3819 1562 3868 numero
1590 3817 1806 3897 exaequetur,
1832 3817 1863 3867 et
1891 3791 2028 3868 imbellis
2042 3793 2124 3866 turba

839 3891 1024 3991 pugilibus,
1052 3914 1084 3965 et
1111 3889 1320 3967 claudicantes
1344 3897 1432 3967 secie
1457 3895 1686 3972 incedentibus.
1734 3897 1874 3970 'l'acebo
1896 3915 2057 3995 quantum
2072 3921 2122 3964 nn-

841 3997 982 4092 perrime
1007 4016 1137 4093 accepta
1164 3991 1268 4067 clades
1296 3993 1336 4067 de
1360 4002 1547 4070 animorum
1574 3999 1693 4071 robore
1716 3993 1930 4095 firmitateque
1945 3995 2119 4072 detraxerit,

842 4114 874 4166 et
901 4093 1074 4193 quomodo
1102 4093 1209 4168 holles
1241 4097 1347 4168 auxIlii
1383 4121 1592 4172 momentum
1625 4103 1808 4172 maximum
1843 4100 1936 4170 nobis
1993 4093 2122 4172 raecide

786 4273 790 4285 ¹
840 4201 913 4266 rint.
968 4201 1039 4280 nc,
1064 4195 1123 4270 nist
1148 4223 1203 4266 me
1227 4195 1329 4277 fallit,
1357 4225 1426 4270 non
1452 4221 1571 4272 tantam
1599 4227 1717 4299 paucos
1743 4223 1815 4276 ante
1843 4197 1909 4272 dies
1940 4125 2049 4298 adepti
2082 4193 2099 4268 s
2109 4239 2121 4253 ·

838 4319 912 4367 ums
937 4294 1102 4394 gloriam,
1127 4317 1290 4396 quantam·
1307 4325 1394 4370 nunc
1419 4329 1460 4372 ex
1485 4297 1617 4376 inselici·
1633 4299 1772 4374 successit
1800 4301 2025 4375 calamitatem:
2070 4305 2121 4372 Le·

840 4400 899 4468 tho
925 4394 1014 4468 dedit
1039 4398 1149 4470 Castus
1175 4399 1384 4472 barbarorum
1410 4402 1673 4488 multitudinem,
1699 4429 1869 4504 quamque
1890 4397 1954 4500 ipse
1973 4401 2123 4501 praedam

838 4497 937 4578 redit,
963 4495 1117 4592 postridie
1144 4500 1291 4572 barbarus
1318 4502 1429 4576 retulit.
1478 4511 1575 4602 Aque
1599 4527 1634 4578 vt
1659 4503 1786 4604 pessuni
1810 4509 1927 4578 ominis
1953 4507 2123 4602 epimythi‘¹

840 4623 887 4669 on
912 4618 1067 4694 tanquam
1099 4595 1225 4672 fabulae
1255 4601 1426 4687 adiiciam,
1457 4627 1489 4678 et
1519 4605 1625 4679 illum.
1643 4601 1790 4709 insuper,
1824 4626 1856 4678 et
1887 4607 2002 4678 milites
2035 4611 2121 4678 viuoe

839 4698 1114 4796 comprehendit,
1136 4720 1172 4772 et
1198 4707 1367 4803 triumpho
1395 4703 1538 4804 glorioso
1569 4705 1737 4782 decoratus
1762 4697 1821 4781 esti
1865 4707 1963 4780 Casio
1989 4710 2025 4778 in
2049 4701 2120 4779 saltu

838 4795 1019 4872 delitescere
1046 4827 1115 4874 non
1138 4802 1250 4885 licuit,
1279 4833 1354 4878 cum
1380 4827 1490 4879 tamen
1516 4813 1712 4910 Chagannm
1736 4807 1838 4907 polita
1870 4813 1907 4879 in
1939 4807 2053 4914 stagno
2080 4811 2119 4876 in·

837 4899 902 4974 sula
930 4907 1061 4986 texerit,
1087 4931 1154 4976 nec
1174 4901 1400 4982 absconditum
1426 4913 1571 4982 Martino
1606 4900 1804 5007 prodidbrit:
1836 4904 1891 4981 sed
1916 4906 2052 5008 perinde
2082 4927 2120 4977 at-

837 5028 901 5102 que
925 5003 1116 5095 mysterium
1139 5005 1310 5104 quoddam
1329 5035 1406 5084 'nou
1433 5006 1636 5087 efferendum
1660 5007 1818 5114 profanos
1853 5012 2011 5086 celauen't.
2063 5015 2120 5082 Im·

877 5219 922 5280 50.
947 5203 989 5267 td.
1014 5204 1087 5269 ibid.
1109 5228 1141 5292 p.
1173 5227 1221 5284 49.
2033 5135 2116 5214 pm
