4917 6992
811 1223 866 1291 ιγ’
1224 1180 1661 1271 oo'rfflcouvut

591 1308 801 1395 ’Impivsrn
841 1366 844 1370 .

600 1408 719 1460 mano
740 1399 764 1459 1.
1353 1419 1380 1465 a.
1406 1398 1445 1465 C.
1470 1418 1537 1489 539.

814 1516 877 1601 eise
901 1538 933 1595 et
957 1513 1085 1595 class'em
1111 1511 1259 1591 aduersus
1297 1512 1328 1587 se
1362 1515 1493 1589 tendere
1518 1521 1687 1613 ingentem
1722 1504 1895 1607 conspicati
1915 1506 1939 1593 ³,
1976 1534 2088 1609 opum

722 1643 736 1675 1
809 1642 900 1722 parte
926 1621 969 1692 ob
993 1622 1138 1692 nimiam.
1154 1610 1429 1718 pernubationern
1451 1616 1494 1688 ibi
1529 1614 1662 1697 relicta,
1698 1604 1801 1684 effuso
1827 1605 1921 1683 cursu
1957 1614 2087 1687 Rauen·

809 1750 889 1797 nam
911 1738 1128 1822 properarunt
1141 1754 1193 1790 -.
1643 1721 1653 1733 ‘

812 1839 816 1849 '
1397 1819 1429 1915 §.
1463 1842 1525 1891 aar.

694 1954 769 2039 ¹⁶4·
836 1926 858 1942 a
906 1942 1053 2015 ‘Interea
1076 1926 1216 2023 Nesei,
1241 1944 1423 2013 amicorum
1449 1932 1666 2011 firasronibus’
1687 1983 1698 2013 ,
1723 1928 1869 2017 Beliiario
1897 1958 2008 2031 parere
2029 1960 2090 2005 oc-

811 2040 894 2113 culte
918 2042 1117 2125 detrectans,
1143 2037 1235 2139 saepe
1261 2035 1408 2113 Belisario
1433 2067 1504 2112 rem
1526 2038 1621 2111 aliam
1647 2038 1850 2135 'quampriam
1876 2033 2005 2107 volente
2029 2061 2088 2135 ag-

806 2140 924 2243 gredi,
950 2153 985 2214 iu
1007 2163 1189 2241 praetextus
1213 2140 1320 2216 modo
1345 2146 1431 2225 hos,
1455 2137 1561 2213 modo
1587 2136 1658 2213 illos
1685 2132 1844 2207 diuerteus
1879 2138 2089 2209 hortamenta

811 2242 892 2319 illius
917 2241 1075 2319 eludebat.

811 2350 817 2408 ⁷
897 2372 992 2441 Haec
1018 2364 1129 2440 videns
1153 2340 1338 2446 belisarius,
1374 2364 1495 2436 cundlis
1532 2358 1664 2433 ducibus
1690 2361 1878 2430 conuocatis
1914 2356 2089 2433 ‘barbaros

812 2492 875 2539 nec
900 2496 959 2567 per
984 2472 1171 2567 ignauiam,
1196 2493 1258 2538 nec
1283 2484 1417 2561 propter
1441 2468 1659 2561 paucitatem,
1687 2456 1804 2530 cessisse
1832 2456 1970 2531 ollendit
1989 2458 2013 2542 ³,
2033 2456 2097 2533 sed·

814 2566 951 2642 consilio
976 2564 1091 2639 solum·
1108 2585 1141 2637 et
1164 2561 1366 2664 prouidentia
1393 2568 1427 2635 in
1453 2560 1601 2635 fraudem
1628 2556 1807 2659 fugamne
1833 2562 1922 2633 aiios
1948 2562 2090 2632 hincab·

705 2710 709 2719 ·
815 2664 882 2739 iisse
896 2706 938 2719 -
961 2666 1025 2738 ‘ue
1049 2672 1156 2767 itaque
1186 2662 1316 2765 segnitie
1353 2691 1424 2737 reru
1461 2668 1649 2737 Romanam
1687 2586 1948 2758 pessumdarent,
1982 2664 2092 2733 horta·

815 2789 867 2841 tut
886 2767 910 2849 '‚
936 2764 1424 2865 Secum-quisquevellrum‚
1450 2769 1577 2863 inquit,
1602 2781 1750 2859 reputet,
1767 2766 1950 2835 Rauennae
1961 2757 2021 2834 eise
2032 2766 2103 2833 vi:

814 2871 899 2967 tigin
924 2894 961 2937 ac
985 2868 1099 2941 multas
1122 2870 1330 2963 Gotthorum,
1350 2864 1532 2959 myriadas:
1557 2868 1712 2943 Vraiam,
1737 2868 1831 2933 omni
1856 2868 1983 2961 Liguria
2006 2868 2094 2963 pori·

815 2988 914 3048 tum,
939 2967 1168 3042 Mediolanum
1193 2964 1364 3040 obsrdere:
1390 2972 1572 3039 Auximum
1598 2960 1760 3037 abundare
1783 2969 1848 3036 iam
1880 2969 1981 3061 copiis
2016 2963 2092 3037 vali-

817 3066 973 3141 dissimis:
999 3090 1031 3142 et
1055 3073 1092 3140 iis
1117 3070 1327 3155 barbarorum
1352 3065 1535 3165 praesidiis,
1562 3092 1644 3167 quae
1667 3066 1760 3136 uobis
1784 3063 1904 3164 polsmt
1928 3062 2091 3149 obsistere,

815 3168 918 3241 inulta
942 3170 1002 3243 alia
1028 3164 1128 3242 teneri
1148 3170 1225 3243 loca
1249 3168 1290 3240 ad
1316 3170 1440 3241 Vrbem
1465 3194 1565 3269 vsque
1591 3186 1757 3248 veterem,
1784 3174 1908 3238 Romae
1940 3172 2092 3242 vicinam.

814 3276 948 3368 Itaque,
977 3296 1053 3343 cum
1078 3270 1222 3344 hostium
1249 3267 1389 3369 quadam
1415 3270 1513 3343 veluti
1539 3293 1662 3340 corona
1687 3271 1880 3366 cingamur3
1905 3272 1941 3337 iu
1965 3272 2093 3355 maiori,

840 3396 916 3441 uam
940 3392 1035 3455 aute,
1061 3371 1206 3469 periculo
1231 3396 1282 3442 res
1305 3368 1410 3444 modo
1437 3365 1598 3443 versantur
1622 3368 1757 3439 nostrae.
1785 3373 1976 3449 Praetorem
2000 3365 2093 3467 quod

814 3396 903 3549 sama
926 3468 1009 3554 fert,
1031 3498 1121 3543 anna
1145 3477 1286 3545 Francos
1311 3466 1395 3569 ipsos
1419 3474 1455 3541 in
1480 3474 1607 3571 Liguria
1630 3464 1758 3541 sociasse
1784 3463 1860 3540 cum
1898 3473 2094 3541 Gotthis-.

814 3573 1064 3671 Quamobrem,
1089 3577 1165 3655 aio,
1190 3592 1318 3671 partem
1343 3576 1499 3644 exercitus
1535 3577 1570 3643 in
1605 3573 1769 3669 Liguriam
1806 3590 1840 3642 et
1862 3566 2092 3644 Mediolanum

813 3677 899 3744 mitti
923 3691 1099 3771 oportere3
1124 3670 1206 3745 dum
1234 3668 1349 3773 reliqui
1373 3676 1555 3745 Auximum
1580 3670 1774 3770 hostemque
1800 3672 1842 3741 ibi
1867 3668 2009 3769 positum
2028 3698 2094 3770 ‘pe-

813 3792 947 3856 tent-1,
955 3770 1070 3846 deinde
1095 3781 1219 3873 coeptis
1243 3773 1310 3845 aliis
1334 3771 1451 3847 bellicis
1475 3769 1718 3845 admonendam
1741 3762 1969 3867 effemanum}
1993 3793 2094 3873 prout

721 3871 731 3895 '
811 3878 980 3973 optimum
1003 3870 1092 3948 fatu
1115 3872 1485 3974 commodiisunumque
1510 3870 1675 3947 uidebitur.

892 3994 970 4066 ‘At
993 3993 1131 4068 Narses’
1152 4034 1223 4079 -,
1249 3992 1399 4077 Censeo,
1425 3993 1550 4097 inquit,
1585 4022 1657 4068 non
1694 3990 1757 4068 esse
1782 4001 1924 4097 pretium
1948 4021 2092 4095 operae,

813 4087 1007 4166 Caesarerun
1031 4098 1121 4167 huuc
1147 4096 1286 4167 omnem
1312 4100 1490 4170 exercitum
1515 4102 1549 4168 iu
1581 4094 1657 4168 duas
1691 4118 1818 4169 tannim
1862 4098 1953 4170 vrber
1991 4101 2092 4171 Auxi-

811 4216 908 4267 mum
936 4193 1208 4269 etMediolamun
1236 4194 1409 4269 intendere.
1458 4202 1518 4271 Tu
1544 4216 1654 4279 certe,
1679 4224 1761 4298 quos
1791 4196 1891 4289 voles,
1919 4202 2090 4272 Romanor

700 4311 712 4327 “
813 4319 856 4367 eo
882 4291 967 4365 due:
991 4295 1071 4367 nihil
1096 4316 1188 4370 vetat.
1242 4299 1314 4368 Nos
1352 4320 1432 4369 vero
1472 4303 1677 4399 prouinciam
1716 4298 1911 4381 Aemiliam,
1948 4296 1989 4371 de
2027 4327 2092 4399 qua

814 4400 959 4468 maxime
984 4394 1129 4470 laborare
1154 4394 1306 4468 dicuntur
1340 4398 1475 4481 Gotthi,
1513 4399 1771 4497 recuperabimus
1809 4403 2019 4497 imperatori,
2058 4421 2093 4474 et

814 4498 1009 4571 Rauennam
1034 4496 1117 4570 adeo
1140 4494 1385 4599 ipsellabimus,
1412 4518 1464 4581 vt,
1488 4497 1646 4601 quidquid
1673 4498 1819 4581 libuerit,
1835 4505 1879 4571 in
1904 4500 2011 4571 hostes
2036 4528 2092 4600 pa-

816 4600 928 4667 traturi
953 4592 1017 4667 sitit
1042 4600 1132 4671 vobis
1157 4595 1351 4695 oppositos,
1378 4598 1436 4671 illis
1462 4600 1568 4673 auxilii
1595 4596 1650 4699 spe
1674 4595 1847 4675 interclusa.
1900 4598 1993 4673 Arsi
2024 4609 2092 4675 Au-

815 4701 947 4767 ximum
974 4696 1119 4771 obsidere
1146 4700 1316 4771 vobiscum
1343 4697 1488 4797 placeat3
1514 4728 1646 4784 vereor,
1671 4728 1713 4773 ne
1738 4696 1829 4773 effusi
1842 4704 1998 4773 Rauenna
2023 4704 2091 4776 bar-

814 4796 881 4869 bari
907 4822 968 4868 nos
992 4823 1034 4872 eo
1061 4798 1232 4897 redigant,
1258 4819 1293 4873 vt
1317 4798 1495 4874 hincinde
1521 4821 1776 4907 oppugnemur‚
1814 4820 1846 4875 et
1872 4803 1910 4873 ab
1947 4802 2091 4877 hollibua

692 4883 717 4948 s
755 4981 762 4987 .
815 4918 1002 4971 commeatu
1026 4902 1206 5001 prohibiti,
1230 4900 1296 4979 illic
1320 4928 1499 5002 pereamus.
1515 4938 1556 4957 ·-

1967 5006 2092 5103 §2²2
2130 5017 2133 5023 ’

858 5208 919 5276 164.
942 5200 985 5267 ld.
1007 5198 1084 5266 ibin
1106 5218 1132 5259 t.
1153 5210 1192 5272 ιε.
1214 5220 1245 5286 p.
1269 5216 1336 5285 430,
1357 5218 1414 5279 431.
1462 5195 1471 5207 ’
