4917 6992
827 1674 830 1679 .
925 1594 1053 1689 §aab

453 1740 472 1778 ³
492 1735 628 1814 castella
653 1737 689 1808 in
711 1734 844 1835 Alpibus
868 1742 1110 1817 CottiisGotrhi
1133 1762 1260 1847 magno
1276 1764 1440 1829 numeru,
1467 1754 1526 1825 viri
1539 1746 1640 1827 fortes

348 1872 430 1919 oum
455 1840 610 1918 uxoribus
634 1859 666 1911 et
690 1836 795 1910 liberis
820 1841 1028 1925 incolebant,
1056 1870 1094 1913 ac
1126 1844 1288 1943 praesidiis
1326 1850 1485 1922 tenebant.
1539 1858 1576 1926 T
1577 1858 1639 1927 ho·

351 1972 422 2019 anas
447 1973 467 2015 a
496 1938 641 2017 belisario
666 1964 745 2011 cum
769 1947 879 2037 paucis
904 1968 945 2015 eo
971 1938 1102 2026 missus,
1137 1949 1277 2045 Siſsgin,
1301 1952 1357 2044 qui
1400 1948 1481 2020 illius
1518 1957 1638 2029 trassua

352 2043 517 2147 praesidiis
536 2040 738 2139 imperabat,
766 2050 801 2143 in
826 2038 1028 2116 deditionem
1053 2052 1187 2143 accepit.
1234 2051 1309 2146 Qu
1330 2044 1436 2148 Sisigis
1450 2046 1636 2129 desedione

355 2152 487 2248 cognita
512 2147 645 2223 Vraias,
671 2143 726 2238 qui
751 2146 927 2216 Rauennae
964 2138 1149 2217 succurrere
1184 2148 1401 2245 properabat,
1428 2176 1505 2223 cum
1542 2160 1637 2227 omui

355 2253 496 2321 exercitu
522 2240 563 2315 ad
588 2240 686 2339 Alpes
711 2244 833 2317 Cottiae
858 2248 971 2329 venit,
1003 2265 1035 2317 et
1060 2239 1177 2347 Sisigin
1211 2274 1250 2319 ae
1287 2250 1464 2323 Thomam
1502 2252 1634 2331 obsidet.

352 2353 498 2423 Rotnani
523 2370 601 2417 vero
627 2346 739 2424 nouis,
765 2349 888 2418 Ioanne
908 2374 953 2417 ac
978 2352 1124 2420 Martino
1150 2345 1292 2435 ducibus,
1318 2352 1403 2421 audii
1429 2356 1530 2449 copiis
1555 2382 1633 2433 cum

355 2452 475 2549 Alpina
488 2443 622 2541 ‚castella
654 2440 819 2517 deditione
857 2442 1011 2545 cepissent
1049 2447 1211 2546 plurima,
1250 2452 1556 2551 Gotthonunque,·
1575 2462 1633 2557 qui
1687 2464 1691 2475 “

355 2557 487 2624 Vraiam
512 2543 746 2645 sequebantur,
771 2546 864 2619 musti
888 2546 929 2619 ad
942 2551 1113 2621 Romanos
1141 2544 1338 2630 deficerent,
1365 2553 1419 2621 hic
1434 2579 1513 2624 eum
1532 2582 1634 2653 parua

353 2678 453 2723 manu
480 2677 514 2720 re
538 2643 657 2719 infessa
682 2650 717 2717 in
742 2649 907 2747 Liguriam
929 2645 1104 2730 reuersus,
1131 2649 1174 2720 ibi
1210 2644 1366 2721 subsedit?
1389 2656 1433 2723 At
1468 2652 1633 2729 belisarius

355 2754 501 2825 arbitratu
525 2744 583 2819 suo
596 2750 722 2845 Vitigin
745 2766 777 2820 et
802 2753 992 2825 Gotthicam
1021 2746 1222 2827 nobilitatem
1246 2752 1423 2828 Rauennae
1445 2756 1563 2829 arsiius
1594 2762 1632 2839 in

350 2850 417 2927 dies
445 2850 624 2953 premebat.

931 2952 966 3054 s·
991 2974 1056 3047 aa

446 3104 556 3178 Tune
580 3105 736 3199 ampotis
760 3093 880 3171 affuere
907 3102 1108 3197 imperatoris
1130 3098 1248 3197 legati,
1286 3099 1470 3173 Domnicus
1500 3119 1533 3177 et
1557 3100 1633 3177 Mt·
1674 3118 1739 3193 173.

354 3207 513 3287 ariminus,
539 3199 700 3274 senatores
724 3203 849 3282 amb0,
875 3200 923 3270 his
948 3200 1064 3297 pacem
1089 3194 1205 3272 fastui
1230 3198 1495 3273 conditionibus:
1520 3221 1557 3275 vt
1574 3207 1631 3275 Vi·

350 3310 441 3403 tigit,
481 3310 588 3404 regiae
624 3328 724 3403 gazae
747 3322 870 3373 retenta
903 3319 995 3398 parte
1031 3296 1186 3382 dimidia,
1211 3304 1247 3370 in
1286 3298 1526 3401 Transpadanis
1562 3306 1627 3375 oris

351 3427 516 3506 regnaret3
544 3412 722 3505 superator
747 3402 878 3475 alteram
904 3427 1003 3501 gazae
1026 3418 1210 3499 partemset
1234 3400 1272 3471 ab
1298 3404 1450 3491 omnibus
1477 3398 1627 3501 Cispada-

354 3532 400 3579 rus
423 3534 568 3579 annuum
595 3502 731 3603 vestigas
754 3507 923 3600 acciperet
971 3506 1107 3601 Legati,
1134 3508 1381 3576 communicatis
1413 3528 1491 3577 cum
1515 3500 1627 3577 belisa.

353 3615 403 3677 rio
428 3607 558 3707 Augusti
584 3608 701 3688 literis,
725 3606 919 3676 Rauennam
942 3606 1056 3688 iueres
1079 3605 1193 3700 quibus
1218 3606 1333 3675 Gotthi
1358 3630 1395 3673 ac
1408 3608 1541 3703 vitigis,
1569 3629 1625 3677 co·

380 3713 448 3778 nito
472 3734 584 3780 eorum
607 3702 763 3778 aduentus
788 3700 947 3786 consilio,
976 3700 1190 3779 lubentissime
1225 3696 1468 3801 promisenmt,
1505 3728 1624 3803 pacem

353 3732 388 3883 se
410 3804 523 3884 iisdem
549 3806 784 3883 conditionibus
808 3806 970 3907 passuros.
1028 3808 1031 3816 ’

922 3987 953 4089 §-
978 3998 1049 4080 aaa·

452 4135 554 4244 Qod
577 4141 630 4215 vbi
655 4132 758 4211 resciit
784 4122 968 4219 belisarius,
993 4134 1110 4209 dolore
1137 4128 1279 4220 exarfit,
1307 4126 1489 4239 grauiss'une
1502 4124 1624 4223 feretran¹

351 4236 461 4339 quod,
485 4269 562 4315 cum
587 4237 693 4339 posset
716 4236 807 4310 misso
831 4262 873 4307 ne
897 4242 967 4310 otio
993 4236 1125 4337 plenam
1149 4234 1279 4336 adipisci
1304 4241 1474 4312 vidorianr
1501 4258 1533 4311 et
1557 4242 1623 4332 By·

352 4347 487 4415 nantium
516 4346 641 4442 Vitigin
680 4344 845 4439 captiuum
871 4261 1065 4437 deportare,
1088 4355 1243 4409 neutrum
1280 4336 1338 4411 fibi
1374 4343 1621 4438 permitteretur.

352 4443 517 4543 Postquam
541 4448 699 4515 Rauenna
723 4439 765 4512 ad
787 4430 893 4537 ipsum
915 4440 1012 4539 legati
1041 4434 1159 4510 reuersi
1195 4434 1292 4523 sunt,
1329 4443 1423 4537 passa
1458 4457 1623 4513 conuenta

351 4536 405 4615 sris
429 4544 626 4617 confirmare
661 4542 756 4613 literis
780 4537 893 4612 noluit.
947 4546 1024 4639 an
1063 4540 1179 4613 Gotthi
1217 4545 1375 4640 cognito,
1399 4544 1434 4611 in
1470 4546 1620 4615 animum

350 4642 563 4726 induxenmt,
588 4642 644 4716 fibi
669 4664 688 4715 a
712 4642 871 4715 Romanis
895 4634 1115 4714 fraudulenter
1140 4632 1251 4711 offerri
1276 4646 1419 4739 pacem,
1441 4636 1619 4740 dequeislis

351 4743 476 4841 pessime
503 4741 649 4843 suspicari
679 4738 872 4839 eoepenmt.
921 4747 1014 4829 Quin
1051 4745 1150 4813 etiam
1185 4738 1324 4839 praecise
1362 4762 1550 4841 negarunt,
1584 4734 1619 4811 se

350 4849 531 4939 passionem
556 4874 633 4917 cum
657 4842 730 4944 ipsis
755 4838 1175 4928 conflaunos,nis1iflam
1200 4839 1363 4921 belisarius
1388 4868 1489 4919 manu
1514 4836 1619 4915 suaac

350 4945 551 5021 iureiurando
574 4944 714 5022 sanaret
747 5036 751 5039 θ

945 5044 1016 5118 Za
1539 5038 1619 5127 selis

382 5261 437 5329 m
459 5246 607 5314 rancor.
631 5249 668 5313 de
689 5251 721 5314 B.
745 5251 781 5315 G.
803 5251 837 5313 L.
860 5250 896 5317 u.
919 5270 944 5360 f.
965 5268 1013 5331 ²9·
1031 5267 1062 5338 p.
1084 5260 1146 5327 458.
