4917 6992
923 1158 1227 1266 caturia,
1643 1210 1701 1281 ,η

991 1316 1000 1329 ·
1067 1317 1073 1328 ·
1719 1284 1925 1372 tarptvsas.
1984 1258 1988 1267 ι

923 1455 932 1470 ⁰
970 1406 997 1452 ῃ,
1023 1385 1061 1454 (2
1102 1405 1164 1475 553,
1571 1392 1575 1400 ·
1718 1388 1837 1441 utauo
1864 1381 1887 1442 1.

427 1518 511 1605 pree
534 1488 566 1569 se
589 1490 695 1568 ferret.
747 1493 823 1591 Qo
848 1483 962 1576 Narseo
987 1496 1145 1593 co'gnito,
1170 1498 1329 1569 Ioannem
1360 1494 1509 1571 vitaliani
1546 1521 1707 1603 nepotem
1724 1544 1758 1567 ν

421 1596 472 1675 ’ὠ
495 1596 740 1675 Philemuthum
763 1599 797 1667 in
822 1588 977 1663 Tusciam
1002 1601 1140 1692 proprio
1161 1624 1243 1669 ¹cum
1269 1602 1412 1673 exercitu
1433 1596 1621 1688 desliuauit,
1648 1606 1704 1679 sta·

428 1710 499 1777 tiua
523 1699 585 1772 illic
610 1698 728 1771 habere
752 1688 871 1774 iussos,
896 1694 1105 1795 hosliumque
1135 1694 1377 1796 professionem
1415 1706 1450 1773 in
1481 1704 1703 1803 Campaniam

428 1800 616 1903 impedire3
641 1824 709 1897 quo
731 1794 859 1867 liberius
884 1798 1007 1867 Cumas
1035 1796 1086 1869 vel
1112 1820 1264 1897 caperent
1288 1804 1341 1885 ui,
1366 1800 1418 1876 vel
1443 1799 1483 1873 ad
1503 1800 1707 1881 deditionem

427 1893 648 2007 perpellerent
671 1891 853 1971 obsessores.
904 1900 1031 1968 Verum
1056 1902 1176 1984 Teias,
1199 1904 1317 2001 ubique
1340 1900 1408 1976 sere
1433 1902 1548 1977 refluis
1575 1936 1592 1979 a
1629 1905 1707 1981 dex·

421 2000 500 2081 'tera
525 1999 711 2075 brerrisiimis
735 1996 919 2079 itineribus,
947 2023 1014 2094 per.
1031 2000 1152 2073 multos
1175 1999 1444 2104 longissimosque
1457 2000 1641 2091 austadius,
1667 2000 1706 2081 ae
1735 2082 1739 2091 ,

425 2134 491 2209 pet·
526 2101 620 2177 oram
643 2099 729 2173 smus
753 2101 858 2179 lonii,
883 2102 917 2168 in
940 2104 1155 2198 Campaniam
1180 2106 1360 2203 peruenit,
1397 2110 1528 2183 nemine
1566 2110 1709 2187 hostiurn
1785 2150 1788 2153 ·

426 2205 628 2281 aduertente.
676 2206 750 2302 Qa
776 2197 817 2281 de
845 2194 1008 2274 retatus
1036 2208 1151 2276 certior
1178 2201 1314 2287 Narses,
1350 2214 1510 2281 loamrem
1538 2231 1570 2283 et
1603 2210 1706 2283 Phile·

428 2310 610 2389 muthum,
637 2308 692 2402 qui
717 2309 751 2374 iu
776 2294 897 2372 Tuscia
921 2298 1088 2375 transitum
1112 2304 1356 2401 custodiebant,
1383 2302 1536 2391 accersit,
1568 2324 1606 2385 ac'
1635 2318 1708 2386 .Va·

427 2412 614 2487 lerianum,
637 2408 730 2477 Petra
754 2396 879 2500 pertusa
902 2426 1014 2474 recens
1037 2410 1202 2499 potitum,
1230 2434 1307 2479 cum
1339 2406 1435 2509 ipsius
1476 2416 1575 2509 copiis
1614 2438 1709 2485 reuo-
1815 2500 1817 2503 ¹

432 2530 506 2582 cat:
533 2527 604 2579 tum
631 2506 772 2579 collesiis
798 2502 938 2584 viribus,
962 2506 997 2576 in
1021 2507 1238 2605 Campaniam
1258 2534 1340 2587 turn
1365 2504 1515 2587 uniuerso
1540 2516 1706 2597 exercitu,

425 2606 479 2685 ‘ad
500 2610 662 2711 proelium
685 2605 864 2687 inslrudiO,
889 2600 1114 2679 contendit.-

1006 2807 1168 2911 im„

536 2972 676 3053 Gotthi,
702 2985 864 3064 occupato
889 2964 1033 3040 fluminis
1057 2972 1240 3055 Draconis,
1274 2978 1330 3075 qui
1357 2970 1398 3047 ad
1421 2969 1545 3053 radices
1577 2962 1709 3057 Vesuuii
1742 3012 1808 3091 252,

369 3136 389 3144 -
424 3080 599 3157 exoritur,
624 3088 750 3171 ponte,
778 3072 829 3138 cui
857 3068 953 3147 casira
978 3068 1220 3169 applicuerant,
1247 3072 1423 3175 ligneisque
1451 3084 1588 3153 turribus
1601 3080 1711 3159 eidem

426 3174 616 3276 impositis,
641 3169 784 3250 balistas,
809 3194 888 3267 quas
915 3192 1057 3254 vocant,
1083 3193 1178 3271 atque
1203 3172 1276 3247 alias
1302 3180 1467 3249 machinas
1494 3182 1558 3253 illic
1598 3183 1712 3259 statue·

429 3300 531 3362 runt,
558 3295 594 3350 vt
620 3302 640 3347 e
665 3269 792 3345 sublimi
816 3268 925 3343 hosles
949 3268 1098 3346 lacessere
1119 3294 1155 3346 ‘et
1177 3268 1273 3347 ferire
1297 3274 1434 3377 possent.
1480 3280 1628 3383 Pugnare
1642 3290 1711 3385 qui.
1804 3300 1806 3309 ·

430 3377 512 3453 dem
538 3381 687 3451 cominus
712 3372 988 3471 prohibebantur,
1026 3376 1195 3447 interiecto
1210 3424 1226 3457 η
1260 3398 1295 3451 vt
1333 3376 1424 3461 dixi,
1450 3378 1619 3475 flrrmine3
1656 3382 1712 3459 sed

428 3499 569 3581 propter
594 3483 660 3555 eius
686 3479 769 3572 ripas
794 3476 921 3572 utrique
946 3474 1086 3558 slantes,
1116 3472 1231 3577 sagittis
1267 3478 1461 3580 plerumque
1499 3480 1532 3558 se
1569 3492 1714 3561 inuicem

430 3583 605 3682 petebant:
640 3600 881 3673 nonuunquam
906 3572 1074 3676 singularia
1110 3582 1286 3650 certamita
1325 3578 1523 3669 edebantur,
1563 3584 1588 3658 li
1624 3581 1712 3661 sorte
1762 3662 1768 3669 ,

430 3710 516 3757 unus
541 3680 649 3778 aliquis
674 3677 815 3749 Gotthus
839 3701 880 3747 ex
906 3681 1143 3773 prouocatione
1171 3699 1311 3775 pontem
1339 3679 1491 3755 transiret.
1541 3690 1594 3759 stc
1618 3716 1710 3760 men.

430 3778 483 3858 ses
508 3780 590 3853 duos
615 3800 747 3876 vterque
773 3771 973 3874 consumpsit
997 3782 1176 3859 exercitus,
1201 3796 1234 3849 et
1258 3778 1414 3879 quamdiu
1447 3787 1561 3859 Gotthi
1586 3794 1620 3858 in
1651 3787 1711 3860 fllia
1937 3850 1941 3858 ,

429 3884 575 3983 partibus
601 3883 738 3979 irnperio
765 3880 861 3947 maris
886 3874 987 3975 ganist
1012 3872 1108 3959 sunt,
1132 3875 1256 3950 tamdiu
1281 3880 1483 3966 restiterunt,
1509 3906 1712 3961 commeatus
1811 3968 1812 3971 Ἴ
1918 3970 1923 3977 ι

430 3991 645 4085 asportantes
669 3983 826 4078 nauigiis,
852 4004 929 4050 caan
957 3982 1061 4053 vicina
1084 3981 1169 4050 mari
1193 3976 1291 4053 casira
1314 3981 1480 4057 habereut.

516 4150 623 4221 oen
646 4145 807 4217 Romanis·
832 4136 1013 4215 uniuersam
1037 4140 1181 4215 hostium
1208 4138 1337 4231 classem
1362 4148 1531 4238 Gotthus,
1571 4156 1627 4253 qui
1665 4148 1711 4229 iffi

431 4268 601 4349 praeerat,
624 4240 794 4343 prodidit,
819 4262 852 4316 et
874 4246 1188 4317 innumerae·naues
1212 4271 1254 4319 ex
1281 4246 1385 4319 Sicilia
1418 4248 1548 4348 aliisque
1581 4260 1710 4355 imperii

431 4343 811 4449 partibusaduenerunt.
861 4340 957 4419 simul
982 4349 1079 4417 etiam
1103 4341 1219 4418 Narses
1244 4350 1278 4417 iu
1304 4348 1396 4425 fluuii
1419 4354 1490 4452 ripa
1513 4354 1624 4431 locatis
1645 4376 1710 4433 ms.

431 4453 520 4525 ribus
545 4451 683 4553 ligneis,
707 4448 918 4520 barbarorum
944 4451 1073 4521 numos
1096 4447 1243 4549 perculit.

536 4620 599 4690 His
624 4618 722 4715 igitur
747 4620 870 4698 territi,
894 4615 1006 4712 reique
1033 4613 1167 4687 cibariae
1194 4618 1328 4712 penuria
1361 4612 1480 4717 pretii,
1514 4614 1713 4721 confisgiurst

431 4720 468 4788 in
495 4732 645 4790 montem
669 4722 885 4813 proximum,
912 4740 1011 4813 quem
1036 4718 1181 4789 Romani
1206 4718 1312 4790 Laslis
1334 4740 1486 4795 montem
1517 4722 1614 4795 latine
1652 4745 1712 4793 vo·

430 4837 519 4891 eant.
551 4824 636 4894 .E0s
661 4820 832 4904 Romanus
855 4820 1011 4892 exercitus
1034 4816 1110 4888 illuc
1134 4812 1223 4918 sequi
1249 4844 1321 4893 non
1339 4825 1472 4923 potuit,
1505 4838 1709 4927 repugnante

1034 4955 1143 5035 ΗΞ
1641 4962 1708 5083 loni

478 5170 538 5233 aaa.
559 5160 709 5227 auocet.
734 5162 771 5227 de
793 5164 826 5231 R
853 5165 889 5230 G.
911 5164 944 5229 1„
966 5148 1062 5231 rua.
1086 5179 1125 5242 35·
1145 5182 1176 5250 p.
1201 5166 1263 5240 66a
