4917 6992
736 1216 893 1301 catur
918 1219 957 1301 n
983 1213 1150 1302 cremo
1175 1225 1203 1300 1.
1433 1197 1436 1201 ’
1584 1237 1649 1325 tar

355 1538 481 1623 uersam
511 1502 737 1620 continentem
772 1443 1048 1622 cunimundi-⁵1⁶.
1080 1548 1177 1624 Tum
1210 1546 1380 1631 Gotthoe,
1416 1552 1473 1648 qui
1502 1555 1646 1652 regionis

354 1647 437 1727 illius
462 1669 597 1746 campos
617 1645 825 1734 incolebant,
851 1645 957 1724 adorti
980 1649 1177 1751 inopinato,
1200 1647 1310 1729 multis
1333 1647 1472 1737 occilit,
1500 1652 1645 1756 reliquae

356 1773 473 1828 omnes
495 1751 531 1824 in
555 1742 671 1851 lugam
697 1749 906 1854 agunt‘l-

940 1875 973 1978 §.
998 1902 1060 1968 raa
1187 1942 1193 1950 .

427 2005 520 2090 ,lllir
545 2012 664 2109 partim
689 2010 776 2092 vita,
800 2013 918 2112 partim
944 2011 1052 2110 pania'
1071 2005 1235 2110 expullic,
1259 2005 1526 2100 vedianum,
1550 2021 1644 2115 regio

354 2117 391 2189 in
415 2110 571 2212 potestate
597 2113 801 2184 Hunnorum
827 2108 910 2194 fuit,
937 2131 1033 2210 atque
1056 2109 1121 2184 illic
1145 2113 1347 2210 Cumrgtui,
1372 2115 1477 2186 accitis
1492 2113 1596 2188 liberis
1611 2137 1645 2190 et

354 2213 533 2293 vxon'bur,
559 2205 800 2300 consederunt3
825 2213 879 2288 vbi
906 2216 1086 2286 etiamnum
1110 2207 1277 2302 habitant,
1302 2231 1336 2286 et
1364 2218 1511 2314 quamuis
1538 2215 1646 2311 'multa

354 2311 485 2418 lingulis
508 2316 598 2396 annis
623 2312 662 2396 ab
687 2317 884 2412 imperatore
909 2309 998 2387 dona
1021 2317 1201 2414 accipiant,
1231 2311 1321 2386 haud
1352 2328 1463 2388 tamen
1496 2313 1648 2392 absistunt

1658 1331 1861 1416 serpiterna

1666 1432 1787 1484 urnuo
1809 1421 1833 1482 L

354 2419 422 2496 eius
448 2417 655 2516 prouinciae,
678 2411 812 2488 oanfito
837 2415 919 2494 Istro
942 2413 1105 2502 flumine,
1128 2408 1313 2500 incursare,
1343 2416 1577 2494 Romanorum
1606 2413 1647 2495 fi·
1751 2465 1757 2472 ·

354 2515 427 2597 mul
448 2513 549 2601 socii,
574 2512 672 2598 sunu
694 2514 813 2592 hoster.

930 2639 961 2741 §.
989 2662 1064 2732 rae

461 2773 619 2876 Vnnguri
644 2793 723 2846 cum
747 2763 806 2844 suo
833 2773 982 2869 princie
1017 2788 1214 2848 reuertentee
1247 2775 1284 2845 in
1356 2775 1475 2858 triam,
1504 2794 1541 2850 vt
1571 2798 1647 2852 eam

353 2873 506 2977 deinceps
530 2895 678 2950 tenerent
702 2867 785 2956 soli,
811 2895 889 2944 cum
914 2799 960 2948 ad

354 2979 543 3054 inGottbos
556 2979 740 3052 Tetraxitai
765 2969 971 3058 inciderunt,
996 2971 1213 3076 [etctunillis
1225 2980 1321 3048 aruris
1332 3001 1398 3048 con
1437 2971 1626 3074 ellusuntp‘
1635 2975 1647 3040 l

353 3081 443 3159 Dein
467 3093 604 3160 tamen,
626 3083 707 3148 'etun
734 3097 843 3176 neque
867 3077 985 3147 Hunni
1009 3076 1205 3175 ternpu‘t'ibi
1229 3093 1333 3150 terere
1364 3105 1385 3150 v
1426 3096 1506 3162 ent,
1537 3103 1647 3178 neque

353 3179 501 3258 bostium
524 3171 722 3250 multitudini
734 3168 767 3245 se
775 3171 975 3248 restituturos
987 3177 1104 3248 Gotthi
1125 3171 1290 3276 sperarent
1308 3227 1321 3261 ,
1345 3176 1514 3276 colloquio
1537 3179 1650 3253 habito

354 3283 536 3364 conuenit,
561 3297 597 3351 vt
622 3271 767 3374 permisti
791 3297 856 3350 vna
876 3279 1081 3361 traicerent,
1113 3297 1146 3349 et
1177 3279 1293 3350 Gortbi
1325 3275 1398 3350 fixis
1429 3283 1466 3348 in
1497 3275 1649 3378 oppofita

987 2869 1142 2972 paludem
1176 2877 1305 2948 Maeoti
1327 2899 1383 2947 em
1415 2873 1647 2960 acceffiffent,
1719 2899 1724 2910 ·

1686 3185 1745 3270 84'

355 3387 544 3460 continente
569 3372 717 3460 sedibus,
737 3371 780 3448 ad
805 3373 891 3448 littus
916 3374 1022 3459 aluei,
1038 3399 1114 3475 qno
1141 3375 1233 3476 palus
1257 3375 1386 3461 uniit,
1411 3379 1465 3452 vbi
1480 3378 1648 3482 hodieque
1711 3463 1713 3470 ¹

354 3487 522 3564 habitant,
548 3481 645 3552 amici
668 3473 895 3576 inposterum
919 3471 1062 3576 sociique
1087 3483 1334 3580 Vturguronrm
1358 3483 1429 3578 pari
1461 3507 1539 3554 cum
1570 3479 1647 3585 ipfie
1758 3555 1762 3562 ,

353 3591 425 3664 iure
447 3587 604 3657 uiuerent.
653 3579 830 3679 sicigitur
860 3580 976 3653 Gotthi
1006 3577 1056 3652 isti
1086 3573 1251 3653 donncuia
1284 3579 1329 3652 ibi
1363 3579 1589 3671 collocarunt,
1612 3593 1665 3659 et·

353 3683 571 3786 euuugurb,
593 3697 629 3756 vt
654 3675 745 3762 dixi,
769 3698 855 3750 traua
878 3676 1035 3780 paludem
1058 3679 1201 3766 reliclia,
1226 3673 1285 3752 soli
1311 3683 1470 3784 Vturguri
1493 3707 1566 3756 orae
1588 3710 1646 3785 pa·

351 3793 426 3880 triae
448 3787 672 3862 retinuerunt,
695 3779 854 3854 Romarris
877 3778 958 3857 nihil
981 3783 1106 3882 negotii
1128 3775 1321 3855 incessentes.
1368 3786 1644 3861 Cumenimnon

352 3887 557 3970 frutectum
582 3878 734 3964 accolae,
760 3873 817 3952 sed
841 3879 949 3956 multia
978 3880 1173 3982 interpolitir
1211 3880 1360 3983 gentibue
1391 3879 1643 3977 distludantur,

353 3993 447 4078 inuiti
470 3990 541 4065 rint
565 3983 605 4058 ab
631 3977 689 4057 illic
713 3977 878 4055 abstinent
1094 3990 1098 3998 '

934 4113 966 4214 i·
991 4136 1055 4210 ιη

353 4243 360 4338 j
457 4239 551 4318 vltra
573 4235 730 4342 paludem
753 4235 960 4316 Maeotidem
983 4237 1189 4345 fluuiumque
1213 4245 1361 4321 Tanaim
1383 4242 1500 4336 Hunni
1526 4247 1644 4319 Outur·

353 4345 429 4444 gun·
454 4367 647 4442 camporum
671 4365 836 4442 aequora,
858 4363 895 4418 vt
918 4340 1026 4426 modo
1052 4339 1223 4432 dicebam,
1247 4348 1351 4450 longe
1373 4371 1412 4422 ac
1433 4342 1497 4418 late
1521 4341 1644 4420 insede-

352 4462 442 4524 tunt.
492 4442 569 4522 rost
590 4469 611 4520 a
634 4446 763 4542 Scytlu'e
789 4463 822 4520 et
854 4446 997 4656 Taupiez
1014 4463 1142 4648 tzenptur
1172 4453 1281 4526 omme
1315 4446 1370 4526 illa
1402 4450 1523 4550 tegio,
1554 4452 1643 4677 epppp

353 4865 358 4876 ,
395 4792 444 4872 δ)
467 4793 582 4860 Ocnfer
605 4789 737 4865 Graiam
759 4793 793 4881 Ι.
810 4767 890 4878 377
1023 4817 1087 4878 tem
1111 4809 1140 4860 et
1162 4793 1358 4879 Hispaniam,
1392 4808 1461 4857 ante
1487 4797 1639 4874 migratio.
1701 4841 1707 4846 -

396 4892 437 4958 t)
461 4880 552 4945 Conf.
577 4879 708 4948 Gothico
726 4876 761 4963 ff.
776 4897 860 4964 377,1
870 4879 911 4941 Ex
924 4873 972 4960 iia,
1023 4902 1092 4945 nem
1113 4902 1186 4946 vero
1205 4881 1639 4962 ostrogothoruminlteliam

353 4985 431 5052 quae
455 4969 503 5032 bic
525 4984 555 5034 et
585 4965 629 5034 lit.
660 4966 691 5034 d.
724 4965 761 5030 de
792 4965 899 5033 Gothia
930 4961 972 5028 se·
1021 4963 1227 5034 collocandam
1250 4965 1317 5032 effe.

356 5070 509 5138 quuntur,
530 5069 630 5144 patet,
654 5055 728 5117 banc
741 5052 972 5116 crumenarum
1056 5053 1087 5140 f
1088 5065 1102 5132 )
1128 5053 1218 5120 Conf.
1241 5051 1374 5126 (inlicita
1394 5046 1522 5140 1.,379.

356 5141 555 5226 irruptionem
579 5141 877 5228 poillmigrationem
895 5141 974 5202 Van·
1066 5157 1112 5221 04.
1130 5144 1174 5211 ld.
1196 5143 1309 5208 ibidem
1329 5159 1362 5227 p.
1386 5144 1450 5223 576.
1565 5222 1568 5228 Ι

357 5224 494 5295 tuom
527 5225 803 5310 etvmaotuotun
829 5228 862 5292 in
893 5223 974 5312 Afri»
