4917 6992
689 1122 700 1167 Ι

814 1204 1034 1321 'curve
1060 1244 1146 1323 vm
1566 1256 1629 1339 ess

929 1363 936 1370 ·
1056 1390 1061 1401 ,
1638 1343 1846 1431 Implvs'rn'
2008 1370 2026 1431 s

886 1470 915 1531 t·
939 1448 980 1521 c·
1003 1467 1079 1540 54⁹·
1603 1510 1605 1515 Ι
1638 1444 1758 1497 ΝῙΑΝΟ
1778 1430 1803 1501 L
2117 1446 2126 1457 ³

334 1564 464 1646 ssauftrs
487 1583 521 1639 et
546 1565 661 1639 Gotthi
688 1561 864 1664 cepitient,
890 1572 994 1643 obuiis
1020 1570 1198 1671 quibusque
1227 1564 1345 1652 caesis,
1381 1566 1545 1670 ablataque
1569 1597 1626 1669 pe.

343 1678 463 1754 cunia,
488 1665 639 1740 Totiiam
665 1688 900 1744 conuenerunt
950 1676 1027 1747 Exit
1049 1673 1194 1768 hyems,
1220 1696 1348 1773 unaque
1373 1673 1625 1745 nonusdecimus

342 1784 486 1877 quartus
508 1768 580 1844 billi
604 1768 761 1844 Gottisici.

952 1830 1024 1967 ξφ.
1072 1929 1077 1939 .

884 2057 912 2111 a
938 2042 978 2110 C.
1003 2060 1073 2131 550.

444 2179 597 2254 Dentur.
621 2182 730 2277 copias
754 2202 873 2251 omues
894 2181 1042 2251 Romam
1058 2176 1198 2251 Totiias
1222 2177 1339 2267 duxit,
1367 2179 1542 2283 'castrisque'
1568 2204 1628 2283 po
1663 2226 1725 2295 217.
1871 2173 1874 2179 ⁵
1971 2186 1975 2195 ’

343 2278 409 2354 fisis
433 2276 645 2355 obsidionem
669 2277 805 2375 capessit.
859 2276 1118 2352 Fortiffimorum
1143 2281 1285 2353 miiitum
1309 2287 1368 2357 tria
1408 2284 1507 2357 miliia
1542 2282 1627 2357 dese·

348 2399 435 2481 gerat
458 2376 646 2463 belisarius,
671 2385 772 2479 iisque
798 2378 967 2470 commissa
992 2383 1121 2453 Romae
1147 2381 1315 2466 custodia,
1357 2386 1569 2485 Diogenem,
1608 2412 1627 2457 e

347 2482 549 2579 stipatoribus
572 2476 634 2553 suis
659 2506 786 2562 vnum,
811 2482 919 2555 virum
945 2479 1114 2579 prudentia
1140 2510 1179 2553 ae
1204 2482 1316 2557 bessica
1342 2489 1457 2559 virurte
1469 2484 1627 2584 praestan-

350 2601 443 2673 tem,
467 2578 673 2681 praefecerat.
725 2577 834 2684 Qrare
856 2581 987 2681 longius
1014 2579 1141 2653 obsidio
1165 2586 1330 2683 protrusia
1369 2585 1438 2657 est:
1479 2613 1557 2659 cum
1594 2604 1627 2659 et

352 2678 487 2756 obsessos
512 2690 627 2784 iugens
652 2687 777 2755 animus
806 2678 955 2756 uniuerso
981 2686 1182 2757 Gottborum
1214 2689 1369 2759 exercitui
1404 2712 1496 2786 pares
1539 2682 1626 2761 vide·

350 2800 434 2857 retur
457 2783 615 2868 effioere,
638 2803 672 2857 et
693 2788 863 2885 Diogenes
887 2786 1049 2855 acerrimis
1074 2781 1226 2858 custodiis
1263 2806 1431 2870 uteretur,
1471 2812 1515 2859 ne
1578 2808 1626 2859 uu

350 2883 390 2958 ad
411 2890 548 2959 moenia
573 2881 690 2957 subiret
713 2882 866 2969 infestus,
892 2882 1025 2983 satoque
1047 2886 1149 2958 ubiuis
1179 2892 1262 2959 intra
1287 2888 1374 2963 vrbis
1409 2881 1524 2960 risuros
1556 2812 1628 2961 iru-
1761 2910 1763 2913 ·

350 3007 487 3081 mento,
511 3012 663 3059 annonae
686 2992 857 3084 penuriam
880 2988 1077 3085 prohiberet.
1114 2991 1217 3086 Saepe
1242 2990 1390 3067 barbari,
1415 3008 1533 3061 tentata
1556 3012 1628 3060 mu·

350 3114 458 3161 rorum
488 3092 756 3189 oppugnatione,
783 3084 898 3161 cessere
921 3108 1034 3178 retro,
1058 3091 1217 3161 Romanis
1242 3086 1319 3161 inde
1344 3087 1416 3162 illos
1449 3088 1628 3163 arcentibus

352 3195 461 3263 virtute
488 3185 550 3263 sua.
589 3195 697 3288 Capto
720 3189 852 3263 tandem
878 3194 1008 3273 Portu,
1039 3192 1149 3261 Roma
1174 3190 1398 3263 vehementius
1423 3194 1530 3287 vrgeri
1556 3214 1630 3261 coe·

350 3297 417 3389 pit,
439 3292 632 3367 ‘lusiniano
656 3288 775 3367 ducem
800 3291 900 3367 eitun
923 3318 1001 3367 cum
1026 3296 1169 3367 exercitu
1193 3296 1322 3367 mittere
1348 3290 1528 3399 initalism
1553 3315 1630 3367 cun·
1664 3308 1734 3383 αις.

455 3401 467 3432 >

352 3393 479 3469 stante.

555 3597 571 3605 ,
822 3522 824 3526 ’
930 3497 961 3595 §-
987 3521 1057 3591 293·

454 3630 592 3707 Obsidio
616 3639 746 3712 Romae
771 3623 867 3712 duiia
893 3637 1022 3740 longius
1054 3635 1181 3722 firerat,
1217 3665 1296 3711 cum
1336 3630 1431 3714 Isauri
1467 3632 1628 3737 quidam,

355 3731 499 3805 ctriiodes
524 3750 659 3833 portae,
684 3764 766 3836 quae
793 3740 880 3811 Pauli
894 3744 958 3838 Ap.
983 3743 1121 3831 nomine
1144 3736 1278 3837 insignis
1291 3736 1354 3823 eii,
1380 3736 1627 3835 expostulantes,

356 3832 435 3905 nihil
459 3832 517 3908 sibi
540 3862 598 3935 per
623 3866 728 3911 auum
753 3838 859 3938 plures
886 3840 925 3911 ab
961 3845 1158 3938 imperatore
1199 3836 1337 3920 datum,
1374 3856 1470 3937 atque
1507 3826 1629 3914 eodem

353 3932 495 4017 ‚videntes
519 3956 668 4037 tempore
692 3935 835 4026 Isauros,
868 3946 923 4039 qui
947 3944 1093 4013 Romam
1119 3942 1247 4013 Gotthis
1282 3956 1356 4011 ante
1392 3933 1628 4038 prodiderant,

355 4037 1641 4241 iiiiiis'bisis‘ssTisias,,fisi‘iissgssisfflfiibibx

356 4242 439 4311 Cum
466 4236 553 4315 dicia
584 4238 651 4314 dies
676 4238 788 4329 affirit,
812 4242 858 4316 fic
880 4239 1030 4317 fraudem
1052 4243 1200 4327 iushtrxit
1236 4241 1378 4319 Tobiae·
1425 4244 1533 4315 Prima
1568 4266 1630 4315 no·

356 4342 409 4412 itis
434 4341 567 4440 vigilia,
594 4347 629 4413 in
653 4343 793 4417 fluuium
819 4347 971 4419 Tiberim
997 4343 1160 4445 nauigiola
1185 4342 1252 4418 duo
1279 4340 1428 4425 induxit,
1454 4366 1531 4415 cum
1556 4348 1631 4416 toti-

358 4438 428 4512 dem
456 4444 674 4527 tubicinibus,
699 4447 814 4544 quibus
839 4451 1024 4545 praecepit,
1049 4464 1084 4520 vt
1107 4450 1205 4517 'remis
1228 4439 1409 4518 transmisso
1421 4442 1547 4524 Tiberi,
1573 4436 1631 4519 sub

356 4545 542 4628 moenibus,
567 4543 676 4644 quoad
686 4543 836 4645 possent,
862 4548 1055 4647 clangerent.
1076 4541 1152 4644 ipse
1165 4549 1369 4621 Gotthonun
1397 4546 1576 4617 exereitum
1589 4537 1631 4616 ad

358 4664 480 4740 portam
507 4646 611 4720 cPauli
637 4654 739 4745 Aps,
764 4649 846 4722 nihil
876 4648 971 4722 hoste
996 4643 1232 4748 persentiente,
1259 4640 1434 4745 disposuit:
1470 4672 1509 4717 ac
1538 4670 1630 4743 prae·
1678 4704 1681 4715 .

346 4771 490 4829 canens,
517 4774 560 4819 ne
586 4774 650 4847 qna
676 4776 747 4847 pars
770 4756 872 4824 Rom.
896 4748 1046 4851 praesidii
1071 4751 1177 4823 nociis
1200 4746 1361 4821 beneficio
1388 4746 1473 4820 ciam
1495 4746 1630 4819 exvrbe

359 4840 569 4949 sereciperet
592 4852 830 4927 Centumcellae
838 4880 906 4945 ⁷¹3
929 4856 1036 4937 viam,
1062 4876 1144 4952 quae
1170 4875 1212 4925 eo
1238 4846 1350 4935 ducit,
1372 4844 1477 4925 valida
1500 4864 1628 4919 catenra

864 5020 868 5023 ,
920 4958 1044 5045 Cea
1577 4950 1627 5033 int

361 5154 634 5322 abibiiiifcm·
659 5153 696 5218 de
719 5156 751 5220 B.
774 5156 810 5222 G.
829 5157 924 5223 iam.
940 5175 966 5219 r.
1014 5154 1017 5159 '
1058 5152 1180 5231 213,st
1202 5150 1278 5219 iffi
1300 5170 1332 5241 9·
1356 5163 1408 5229 55¹.
