4917 6992
786 1199 1329 1380 enuntiato„
1535 1265 1677 1359 *rx
1807 1375 1812 1382 ,
1943 1335 1948 1344 ,

537 1511 595 1590 tu
643 1513 946 1588 utrumnam:
1006 1497 1407 1604 urrunnr'ours,
1451 1493 1500 1580 ad
1549 1521 1676 1610 quam

371 1621 545 1712 litterae
578 1649 744 1734 graecae
776 1629 1024 1734 retinniunt,
1057 1627 1127 1710 hau
1159 1629 1269 1712 mihi
1303 1625 1412 1736 leges
1444 1627 1565 1737 uixi,
1598 1645 1676 1737 ut,
1787 1641 1792 1651 “

370 1755 411 1842 ti
444 1755 549 1840 alius
580 1759 743 1868 quidam
776 1757 918 1842 auctor
953 1779 1041 1838 rem
1075 1757 1217 1842 multo
1248 1754 1316 1842 vel
1348 1761 1466 1842 aliter
1507 1777 1673 1868 narrat,

372 1881 449 1972 uel
481 1871 673 1992 breuius)
705 1909 834 1994 quam
871 1891 934 2002 ie,
967 1887 1037 1994 qui
1076 1907 1241 1976 textum
1275 1886 1428 1995 habet,
1458 1889 1672 1996 integrum

371 2017 643 2102 adscriberem
678 2014 853 2122 locum,
888 2018 929 2099 in
962 2019 1130 2100 caeteris
1161 2037 1298 2102 aurem
1326 2020 1565 2102 uarietatem
1584 2041 1676 2102 tan·

375 2165 476 2228 tum
508 2151 682 2250 darem,
725 2145 895 2254 reliquis
933 2145 1118 2252 omissis,
1165 2171 1269 2256 quae
1308 2171 1406 2232 cum
1448 2147 1532 2253 iis,
1570 2169 1672 2258 quae

377 2275 423 2360 in
459 2295 573 2360 textu
609 2273 839 2384 leguntur,
871 2277 1012 2362 eadem
1044 2273 1151 2380 effe,
1192 2276 1297 2363 linea
1331 2279 1552 2361 transuersa
1584 2266 1674 2389 (·-)
1782 2267 1789 2278 ’

376 2406 543 2492 indicae
604 2403 672 2488 Ad
713 2410 952 2491 varietatem
996 2403 1257 2512 singulorum
1305 2406 1527 2508 uerborum
1576 2409 1674 2490 tunc
1789 2500 1792 2504 ,

377 2533 642 2621 solummodo
668 2538 848 2640 attendi,
886 2531 928 2616 st.
949 2536 1078 2620 lenius
1112 2537 1318 2620 nunidem
1340 2556 1534 2621 maneret.
1567 2533 1674 2621 Cae·
1796 2628 1802 2638 ,

377 2683 519 2748 terum
554 2665 727 2748 uarietas
758 2689 855 2750 cum
892 2673 1008 2748 textu
1044 2683 1166 2766 toto,
1208 2665 1256 2749 ad
1299 2687 1422 2772 quem
1469 2668 1671 2776 refertur,

375 2794 617 2902 diligentius
651 2817 673 2874 a
709 2791 892 2900 ludione,
934 2791 1135 2878 stomnit
1170 2791 1402 2902 intelligere
1444 2789 1581 2903 uelit,
1623 2817 1671 2882 ut

374 2927 637 3030 conseratur,
670 2925 818 3008 necelle
852 2924 920 3010 est
1106 2927 1123 2969 s

377 3103 382 3110 ·
511 3103 606 3176 -nn
640 3069 1184 3173 turnnrnnnnrtountu
1222 3083 1670 3192 nnrtunmquodat·

377 3213 515 3320 tinet,
547 3238 671 3319 eam,
705 3232 819 3296 textu
854 3237 1001 3318 graeco
1030 3213 1203 3316 omtffo,
1244 3215 1369 3297 lolam
1404 3217 1527 3318 dedi,
1571 3235 1667 3300 tum

372 3345 552 3430 aliorum
586 3325 827 3451 exemplum
861 3347 1050 3446 secutus,
1088 3361 1179 3424 tum
1218 3342 1310 3428 ideo
1353 3343 1577 3452 inprimis,
1618 3365 1696 3427 ne*

372 3472 619 3581 magnitudo
651 3468 745 3556 libri
779 3474 820 3554 in
856 3475 1031 3582 nimiam
1061 3472 1223 3556 ‘molem
1266 3475 1526 3561 excresceret.
1581 3473 1666 3556 ln·

373 3607 501 3688 terim
534 3605 576 3686 in
611 3600 684 3686 hac
717 3619 872 3710 nequo
906 3625 972 3686 me
1005 3603 1191 3704 geuerim
1219 3601 1370 3708 modo,
1403 3606 1554 3712 accipe.
1590 3599 1667 3685 Iu·
1759 3687 1770 3698 ,

376 3755 426 3813 re
464 3737 600 3836 torte,
639 3733 894 3842 quorundam
935 3732 1159 3834 sententia,
1210 3730 1434 3838 exspectari
1473 3748 1664 3840 poterat,

373 3881 507 3967 eum,
542 3845 613 3968 ¹qui
645 3861 811 3943 latinum
831 3877 994 3943 tantum
1014 3860 1421 3972 interpretationem,
1453 3883 1549 3942 cum
1571 3882 1665 3941 tex·
1724 3911 1735 3921 -

312 3989 317 3994 ’
372 4007 443 4074 tus
474 4011 639 4095 graecus
671 3990 718 4072 ad
757 4011 926 4072 manum
958 3986 1088 4092 effer,
1120 3985 1361 4095 exhiberet,
1395 3988 1501 4072 ineo
1525 3985 1662 4074 laltim
1720 4082 1724 4089 ,

372 4119 442 4206 uel
483 4119 665 4202 maxime
706 4114 1057 4222 allaboraturum,
1102 4135 1147 4202 ut
1187 4139 1343 4228 errores
1384 4117 1660 4224 interpretum

372 4251 620 4334 emendaret.
662 4245 812 4354 'Saepe
841 4250 928 4330 satne
966 4247 1005 4334 id
1044 4245 1162 4331 facile
1204 4247 1395 4358 potuilset
1434 4245 1558 4350 fieri,
1596 4247 1661 4333 sed

374 4378 591 4463 sexcenties
624 4401 707 4460 non
745 4376 857 4463 item.
890 4396 932 4460 et
963 4397 1090 4459 nouus
1131 4377 1200 4462 iste
1239 4373 1382 4484 labor,
1424 4401 1502 4488 pro
1541 4400 1665 4458 men·⁴

372 4509 554 4612 darum,
585 4507 733 4615 quibus·
744 4527 886 4610 graeca
902 4505 982 4618 ipsa
998 4506 1174 4614 scatent,
1207 4503 1500 4613 multitudine,
1524 4529 1659 4588 unum

371 4634 625 4744 hominem,
659 4659 755 4719 meo
783 4635 949 4744 quidem
968 4637 1152 4742 iudicio,
1186 4633 1542 4745 solusrequireret.
1576 4637 1662 4720 At·

373 4789 507 4852 tumen
546 4784 626 4873 ut,
669 4790 776 4875 quae
803 4764 893 4850 inde
928 4765 977 4848 ad
1015 4763 1222 4850 historiam
1270 4767 1395 4874 ipsam
1437 4765 1659 4850 redundare

371 4917 593 5010 poterant,
626 4897 918 5001 incommoda,
961 4894 1087 5016 quoad
1120 4899 1204 4980 eius
1247 4892 1340 4980 freti
1384 4893 1552 5003 potuit,
1593 4918 1658 4976 re·

371 5047 618 5128 mouetem3
651 5023 804 5131 graecis
837 5049 936 5108 cum
958 5015 1293 5134 interpretatione
1325 5023 1447 5110 latina
1479 5023 1667 5129 diligen·'

368 5175 433 5243 ter
460 5151 659 5264 collatis,
698 5154 765 5244 tbi
795 5151 1074 5268 diuersitatem
1115 5156 1316 5268 quandam
1353 5155 1661 5261 animaduerti,-

771 5355 802 5428 4
851 5329 865 5346 ⁴
944 5276 986 5397 tt
1021 5273 1065 5397 l(
1393 5281 1445 5432 J
1514 5305 1654 5414 erecta
