4917 6992
807 1215 851 1272 7
917 1219 1152 1302 ‘CAPVT
1175 1223 1217 1296 V.
1314 1251 1318 1255 ’
1666 1253 1735 1332 ²99
1967 1259 1976 1269 ν

1083 1347 1095 1386 ·.
1288 1353 1295 1362 ·
1563 1386 1567 1394 .
1638 1388 1642 1395 .
1747 1327 1846 1427 [περς
1860 1331 1948 1400 aro,

992 1423 1188 1506 a..„C.⁸468.
1588 1420 1596 1430 ‘
1748 1428 1796 1478 Ns
1817 1422 1859 1516 ι.
1922 1487 1926 1494 .

430 1545 507 1619 rim
531 1533 633 1639 spatio
660 1564 695 1611 re
721 1533 912 1624 deliberata,
936 1533 969 1614 se
995 1535 1225 1614 consessurum
1249 1530 1434 1634 promisit,
1471 1556 1555 1636 quae
1589 1541 1735 1611 maxime

437 1671 461 1718 e
489 1639 641 1718 sententia
665 1636 776 1714 forent
801 1645 1014 1740 imperatoris.
1065 1645 1179 1716 Fertur
1213 1644 1309 1711 etiarn
1348 1635 1507 1738 grandem
1545 1633 1627 1709 auri
1650 1636 1736 1710 sum·

439 1771 535 1819 mam
560 1735 702 1825 misrll'e,
728 1736 880 1816 insciente
906 1748 1048 1817 exercitu
1075 1737 1233 1822 basilisci,
1261 1742 1460 1838 itaquehas'
1474 1726 1620 1810 inducias
1643 1734 1735 1811 emis·

439 1841 485 1920 se.
539 1849 629 1945 Qae
656 1833 790 1942 quidem
816 1843 966 1942 praestitit
990 1873 1027 1917 ca
1051 1839 1106 1942 spe
1131 1837 1307 1924 indudlus,
1343 1835 1437 1923 sore,
1475 1836 1661 1938 vt',1quod
1700 1852 1735 1910 et
1845 1851 1849 1856 '

439 1949 601 2045 contigit,
636 1937 792 2016 secundus
817 1966 929 2018 ventus
954 1950 1030 2026 hoc,
1054 1949 1210 2042 temporis
1243 1940 1411 2015 interuallo
1450 1947 1597 2013 oriretur.
1648 1937 1731 2013 Ball·

434 2043 554 2130 liscus,
581 2043 672 2128 srue,
699 2049 743 2119 vti
767 2067 954 2146 receperat,
980 2041 1104 2145 Aspari.
1124 2041 1385 2144 gratificaretur,
1422 2038 1490 2114 fiue
1527 2059 1655 2138 tempus
1682 2045 1729 2112 rei

435 2151 523 2224 bene
547 2143 707 2248 gerendae
733 2153 869 2244 pecunia
894 2145 1072 2232 venderet,
1109 2143 1194 2220 sruev
1211 2163 1247 2232 vt
1269 2138 1361 2218 satius
1387 2138 1421 2214 id
1446 2123 1503 2214 sibl
1536 2137 1600 2214 else
1625 2141 1746 2214 exilii·

433 2267 543 2334 maret
555 2247 578 2333 ζ
604 2246 767 2347 pollulatis
793 2253 925 2335 annuit,
963 2245 1060 2353 seque
1088 2249 1249 2322 continuit
1272 2247 1315 2320 in'
1333 2245 1468 2342 casinis,
1503 2238 1729 2325 coniinodum
1795 2281 1805 2330 ¹.

437 2351 526 2430 hessi
551 2369 679 2452 tempus
705 2355 886 2451 opperiens.
984 2391 991 2398 -
1516 2367 1522 2376 ·
1680 2373 1683 2376 ·

404 1349 434 1368 ί

461 2623 465 2628 -
548 2573 710 2673 Vandali,
735 2573 831 2649 simul
854 2597 968 2650 ventus
993 2570 1150 2662 surexit,
1176 2563 1394 2669 quem·auide
1406 2561 1613 2661 expediendo
1640 2573 1725 2637 noni

439 2669 522 2750 dum
549 2673 581 2750 se
604 2678 682 2754 loco
708 2700 903 2760 mouerant,
932 2667 1035 2749 slatirn
1062 2672 1134 2746 vela
1157 2671 1326 2751 attollere,
1365 2686 1399 2737 et
1430 2671 1558 2765 nauigia
1593 2689 1720 2748 vacua,

433 2792 543 2878 quae,
569 2777 718 2878 utsupra
744 2785 880 2862 monui,
902 2778 1107 2850 habebantin
1128 2769 1305 2870 expedito,
1330 2769 1514 2851 trahentes,
1540 2762 1580 2836 ad
1593 2765 1723 2838 hollem

437 2877 644 2952 contendere.
697 2883 846 2953 l'rouetli
869 2885 1004 2980 propius
1016 2877 1034 2960 ,'
1056 2881 1167 2976 ignem
1193 2867 1315 2970 scaphis
1342 2867 1488 2941 remulco
1515 2868 1593 2939 attis
1619 2869 1719 2936 iniici·

435 3001 520 3070 unt,
547 2981 689 3080 velisque
715 2977 865 3063 sinuatis,
896 3007 947 3053 eas
981 2984 1016 3050 in
1055 2976 1162 3050 castra
1185 2972 1310 3046 naualia
1345 2973 1576 3042 Romanonuri
1614 2961 1722 3038 dimit·

435 3101 532 3156 nuit:
556 3083 609 3154 vbi
657 3088 789 3154 uo'niam
814 3076 929 3154 densae
953 3102 1033 3154 rates
1060 3099 1173 3157 erant,
1203 3097 1401 3174 quocunque
1425 3066 1562 3167 scaphae
1582 3065 1652 3136 illae
1675 3072 1721 3137 in·

438 3179 604 3267 siderent,
634 3109 807 3257 (hammam
842 3179 934 3256 facile
972 3177 1280 3256 communicabant,
1319 3193 1352 3242 et
1389 3197 1466 3242 cum
1506 3175 1543 3240 iis
1583 3172 1721 3264 pariter,
1755 3203 1801 3255 21.

436 3286 550 3386 quibus
573 3305 662 3357 erant
686 3285 876 3384 permistae,
901 3277 1047 3382 protinus
1074 3276 1375 3374 corrumpebantur.
1426 3276 1473 3341 lta
1496 3265 1653 3368 grassante
1672 3271 1721 3338 iu·

411 3384 578 3483 'cendio,
603 3389 755 3458 Romana
780 3381 877 3458 classis
903 3383 1065 3464 tunultu,
1092 3401 1126 3455 vt
1149 3405 1199 3451 res
1222 3374 1366 3455 ferebat,
1391 3365 1542 3460 misceri,
1579 3389 1611 3454 et
1642 3394 1721 3440 con-

433 3483 586 3578 fremere
601 3487 743 3560 clamore
771 3484 903 3574 insan03
941 3492 996 3585 qui
1021 3503 1119 3559 vetito
1157 3479 1373 3550 murmuranti
1415 3501 1453 3544 ac
1492 3470 1718 3568 crepitantibus

436 3589 577 3666 flatrunis
600 3585 835 3688 respondebat:
862 3584 977 3660 scilicet
1003 3583 1179 3656 hortatibus
1206 3583 1327 3651 nurtuis
1352 3571 1570 3646 accendebant
1602 3565 1634 3640 se
1658 3575 1721 3642 rni-

434 3691 504 3765 lites
532 3711 564 3763 et
586 3711 700 3763 nautae
726 3695 809 3763 inter
832 3685 863 3771 se
890 3684 1040 3762 confufi,
1068 3705 1100 3756 et
1126 3709 1203 3754 cum
1229 3676 1360 3777 scaphas
1384 3671 1615 3752 incendiariae,
1646 3690 1727 3744 tum·

436 3789 504 3872 suas
530 3797 625 3864 etiarn
650 3819 772 3873 naues,
799 3817 880 3890 quae
906 3795 940 3861 in
966 3783 1092 3858 summa
1116 3783 1356 3882 perturbatione
1380 3773 1437 3846 fibi
1462 3777 1603 3844 inuicem
1628 3789 1725 3846 erant

439 3898 561 3976 exitio,
588 3898 691 3968 contis
714 3889 893 3964 trudebant.
944 3895 1014 3958 lam
1048 3891 1145 3958 etiarn
1183 3886 1333 3980 ingruere
1359 3869 1520 3955 Vandali,
1557 3871 1618 3943 tela
1645 3874 1718 3940 ruit·

436 4017 527 4078 tete,
555 3991 692 4067 mersare
717 3993 833 4076 undis,
858 4012 992 4064 etcum
1017 3990 1112 4058 armis
1138 3981 1319 4082 lugientem
1350 3980 1543 4057 Romanum
1581 3970 1718 4042 militem

436 4093 581 4196 spoliare.
614 4091 828 4198 ¹Qanquarn
844 4097 933 4165 inter
958 4096 1129 4162 Romanos
1155 4075 1402 4159 non-defuere,
1442 4081 1502 4175 qui·
1534 4069 1568 4146 se
1593 4076 1627 4142 in
1650 4075 1718 4141 hoc

435 4196 565 4300 proelio
592 4201 677 4272 uiros
703 4191 865 4268 animosos
891 4191 1109 4293 praestiterint.
1160 4190 1281 4259 Primas
1306 4179 1376 4253 tulit
1400 4183 1559 4257 Ioannes,
1585 4168 1725 4244 Basilisci·
1813 4211 1816 4216 ·

433 4299 582 4400 legatus,
608 4295 800 4398 proditionis
827 4296 907 4368 illius
932 4297 1068 4366 minime
1095 4287 1234 4360 consors.
1261 4279 1421 4383 siquidem
1434 4301 1558 4375 magno
1572 4273 1725 4346 hollimn.
1814 4310 1818 4319 =

435 4427 576 4476 numero
603 4396 863 4470 circumuadeute
889 4399 955 4468 eius
981 4398 1116 4474 aarum,
1141 4385 1206 4486 ipse
1235 4385 1397 4457 inorbe'm
1413 4371 1608 4456 discursans,
1633 4372 1719 4467 mul·
1808 4391 1813 4396 ·

434 4523 487 4576 tos
513 4529 532 4574 c
558 4497 638 4572 foris
663 4497 801 4582 cecidit,
835 4520 932 4597 vtque
959 4495 1046 4566 illam
1071 4495 1171 4564 teneri
1196 4484 1299 4568 vidit,
1326 4509 1402 4553 cum
1422 4483 1524 4551 -arrnis
1563 4475 1714 4548 omnibus

432 4607 646 4706 praecipitem
672 4597 703 4674 se
727 4605 762 4670 in
786 4627 907 4698 aequor
933 4601 998 4696 egit
1023 4621 1041 4666 e
1066 4583 1215 4664 tabulatis.
1266 4584 1413 4659 Precibus
1446 4577 1577 4680 quidem
1616 4575 1714 4646 talem

432 4711 544 4782 virum
570 4707 684 4777 Geuzo
711 4705 847 4774 Gizerici
873 4699 955 4774 filius
981 4694 1176 4774 reuocabat,
1204 4687 1284 4782 dans
1308 4682 1367 4784 ipsr
1393 4679 1494 4754 fidem
1519 4707 1556 4751 ac
1580 4670 1713 4777 salutem

433 4801 598 4883 offerens:
622 4803 726 4876 nihilo
753 4806 777 4874 is
805 4807 911 4873 minus
932 4797 963 4873 se
990 4802 1025 4890 in
1055 4789 1259 4892 profundunt
1296 4781 1468 4864 demerfit,
1506 4785 1573 4852 hoc
1608 4791 1712 4847 unum

434 4903 573 4990 effatus,
598 4930 766 5004 nunquam
792 4924 966 4979 ventarum
989 4905 1149 4973 Ioannem
1172 4897 1208 4966 in
1234 4913 1347 4966 manus
1374 4910 1502 4958 canunt.
1553 4883 1620 4956 Hic
1652 4875 1712 4948 illl·

431 5035 474 5084 us
498 5005 572 5084 b’elli
598 5013 699 5080 exitus
723 4999 792 5082 suit.
1103 5007 1118 5014 ''
1217 5003 1230 5032 ⁶
1441 5018 1475 5030 ’·

1018 5103 1135 5198 l‘pa
1310 5119 1312 5127 ¹
1419 5105 1422 5114 ’
1529 5077 1712 5178 ·§·³9·
1828 5074 1840 5101 ⁴

478 5203 810 5293 mffifflpw
939 5201 942 5208 ’
