4917 6992
1181 1163 1688 1297 recontraonvrn

1347 1441 1380 1491 a.
1405 1419 1445 1490 C.
1471 1419 1549 1504 468.

910 1689 1095 1768 Gizeriens,
1121 1691 1388 1784 opportunitate,
1419 1709 1519 1782 quam
1546 1675 1689 1754 oscitatio
1728 1673 1864 1754 Basilisci
1903 1682 2123 1780 praebebat,

812 1787 958 1888 apposite
984 1809 1097 1868 vtens,
1126 1790 1193 1858 hoc
1216 1793 1290 1884 egit.
1342 1790 1430 1858 Cum
1456 1779 1628 1864 subditos,
1645 1779 1756 1881 quoad
1782 1783 1847 1854 eius
1874 1776 1981 1856 facere
2006 1807 2107 1884 pote·
2145 1782 2152 1791 ⁸

812 1912 882 1974 rat,
908 1915 1024 1962 omnes
1049 1883 1215 1966 arrnass'et,
1241 1888 1299 1960 iilis
1323 1891 1461 1957 maiores
1488 1911 1586 1958 naues
1611 1882 1780 1981 impleuit3
1806 1910 1923 1956 vacuas
1951 1913 1989 1956 ac
2016 1887 2105 1961 coie-

812 2018 862 2066 res
887 1989 1018 2082 cymbas
1045 1987 1170 2086 praesto
1197 1985 1281 2062 iuffit
1304 1983 1388 2058 effe:
1412 2007 1484 2057 tum
1507 2012 1566 2084 per
1595 1982 1821 2056 caduceatores
1846 1983 2029 2060 Basiliscum
2050 2015 2111 2061 ro·

808 2095 922 2194 gauit,
950 2109 986 2166 vt
1008 2088 1174 2190 proelium
1198 2085 1495 2165 indomabilia
1523 2091 1674 2189 quintum
1700 2089 1875 2180 reiiceret:
1916 2090 1985 2162 hoc
2020 2083 2107 2161 inte'-

820 2211 823 2218 .
988 2217 994 2224 ,
2034 2217 2125 2268 nm·

949 2389 1084 2474 demptis
1109 2411 1186 2478 quae
1209 2416 1252 2459 ex
1275 2394 1398 2458 aerario
1415 2386 1570 2475 sumpta,
1593 2397 1623 2454 et
1644 2385 1782 2455 aliona
1804 2385 2000 2473 suppeditata
2015 2385 2107 2472 srrnt.
2171 2453 2180 2460 ,

875 2488 878 2496 ’
945 2479 999 2545 Ea
1023 2487 1125 2544 tamen
1147 2491 1237 2546 tanta
1257 2479 1372 2565 claffls,
1407 2499 1443 2542 re
1469 2472 1598 2558 insessa,
1620 2493 1656 2538 ne
1668 2471 1788 2560 semiffe
1817 2476 1940 2560 quidem
1964 2477 2120 2540 militurn.

935 2560 1117 2654 superstite,
1137 2555 1250 2647 rediit}
1275 2555 1412 2629 elatioris
1440 2561 1479 2626 ab
1514 2559 1760 2644 imprudentiam.
1806 2566 2104 2623 Consrnn‘rmvs

931 2651 1157 2712 manasses:
1197 2651 1384 2739 Quum-Leo
1417 2650 1589 2732 imperator
1621 2649 1781 2710 maximos
1816 2645 1973 2726 thesauros
1994 2646 2106 2713 nuffar

944 2743 1034 2818 eet,
1070 2733 1177 2800 bellum
1202 2737 1365 2822 Africanis
1389 2735 1525 2810 indixit,
1560 2743 1737 2818 tantumque
1761 2751 1821 2795 non
1849 2737 2000 2818 irpinitam
2025 2732 2106 2818 clas-

955 2840 1002 2882 em
1039 2815 1184 2906 emensus
1218 2845 1271 2889 eos
1304 2833 1334 2886 et
1365 2819 1560 2886 Gizericlrum
1598 2837 1702 2900 regem
1735 2819 1834 2902 misit:
1862 2819 2017 2905 praefeffo
2054 2841 2106 2884 co«

851 2950 855 2957 -
937 2908 1004 2989 piis
1023 2907 1210 2988 imperatore
1231 2904 1391 2994 Baslisro‚
1413 2907 1547 2980 Verinae
1567 2907 1719 2986 coniugis·
1727 2904 1845 2990 fratre.
1883 2907 1975 2972 Haec
2006 2905 2106 2992 clasis

945 2993 1041 3056 etiam
1062 2994 1223 3080 lorrgifflme
1245 2993 1352 3079 dissitis
1373 2995 1496 3058 terrori.
1508 2990 1598 3074 suit,
1634 2994 1745 3076 quippe.
1759 2993 1866 3075 'quae¹
1883 2993 2020 3075 nauigiis
2046 2985 2071 3056 'i

944 3072 1017 3162 sum
1043 3099 1131 3145 mare
1164 3083 1350 3162 cooperiret,
1377 3077 1554 3158 aeliamque
1586 3077 1738 3140 redderet.¹
1776 3079 1823 3142 Et
1853 3078 2023 3145 continebat
2069 3099 2107 3143 a·

948 3165 1122 3246 gittarias‚
1142 3173 1300 3244 cetratos,
1326 3165 1490 3250 classarios
1511 3165 1643 3239 milites,
1660 3161 1786 3245 pedites
1798 3182 1926 3229 arenam
1960 3168 2106 3232 multitu-

949 3249 1018 3316 dine
1031 3249 1233 3335 superantes,
1255 3251 1395 3316 audacia.
1411 3249 1533 3314 beluas.
1577 3248 1694 3312 Verum
1715 3252 1868 3314 numuero
1893 3249 2104 3336 violentissima

949 3338 1000 3399 vis
1022 3342 1093 3402 auri
1114 3339 1306 3423 ep.-Hueus
1332 3357 1387 3420 ope
1406 3332 1587 3411 Gizmichus
1604 3333 1726 3416 Libyae
1748 3357 1808 3402 rex
1832 3347 1938 3415 vtens,
1976 3349 2103 3403 tanturn

952 3421 1072 3512 claffem
1097 3422 1283 3506 danrngere·
1296 3442 1335 3487 ae
1356 3419 1490 3488 abolere·
1504 3422 1628 3504 potuit..
1660 3421 1779 3508 Quippe
1812 3425 1921 3488 multo.
1940 3421 2035 3509 Baſse
2048 3445 2104 3488 ars

951 3527 1030 3574 aura
1054 3519 1236 3594 correptus,
1256 3512 1391 3592 primus.
1407 3511 1486 3588 (vti
1500 3509 1705 3586 conumerm)
1720 3509 1841 3593 fugam
1862 3512 2023 3593 amputes
2045 3530 2103 3574 vn-

953 3591 992 3658 tle
1004 3593 1151 3681 salium,
1177 3605 1212 3660 vt
1232 3596 1442 3662 eesmmaea
1453 3590 1756 3678 subnotentur.-.
1780 3601 1970 3658 lunares:
1995 3601 2011 3675 [
2022 3599 2100 3659 Bali.

954 3695 1063 3778 liseur]
1088 3719 1166 3764 cum·
1181 3715 1298 3781 magna
1319 3697 1407 3784 classe
1428 3709 1548 3763 contra·
1569 3695 1791 3762 &enerichum
1817 3685 1871 3777 [Γ
1871 3681 2033 3785 agapas]
2071 3701 2132 3764 in.
2180 3711 2186 3720 ‘
2243 3712 2244 3719 ’

953 3783 1100 3870 Africam
1118 3783 1293 3871 profusius,
1315 3783 1472 3871 turpiffme
1491 3782 1590 3849 vilius
1614 3803 1630 3847 e
1667 3829 1677 3857 ,
1706 3783 1765 3866 srue
1788 3804 1830 3848 ex
1854 3794 2026 3852 temeritate
2050 3797 2102 3851 at·

955 3893 1012 3960 qne
1033 3870 1158 3960 inscitia.
1173 3873 1221 3936 rei
1240 3871 1383 3946 bellicae,
1394 3873 1460 3955 siue
1475 3892 1534 3954 per
1549 3888 1611 3953 pro
1632 3872 1778 3942 itionem,
1806 3883 1930 3955 accepta
1953 3874 1993 3938 ab
2017 3870 2102 3959 noste
2180 3892 2185 3899 ·

955 3962 1103 4024 maxima
1120 3960 1271 4040 pecunias,
1297 3957 1415 4021 Fertur
1432 3961 1523 4020 enirn.
1537 3953 1851 4039 eommiffoproelio,
1878 3979 1956 4024 naue
1971 3969 2103 4044 praeto-

957 4049 1009 4111 ria
1031 4041 1171 4126 conuersa
1187 4045 1342 4126 paulatim
1361 4041 1500 4127 sagiso,
1538 4045 1642 4126 itaque
1664 4045 1779 4105 animis
1810 4041 1939 4128 hostiurn
1978 4043 2101 4125 celiis,

949 4127 1078 4216 snorum
1103 4129 1297 4204 imminutis,
1321 4148 1389 4190 rum
1405 4130 1515 4210 paucis
1538 4129 1670 4210 turpiter
1689 4127 1809 4214 rediise
1828 4131 1977 4206 domurn,
2003 4142 2103 4197 caete·

958 4219 1007 4284 ris
1028 4217 1133 4280 nauale·
1162 4231 1272 4296 pugna
1305 4213 1489 4296 ialcrfeiir's..
1520 4220 1603 4288 ossae
1628 4213 1712 4294 supra
1748 4223 1774 4295 §.
1812 4233 1851 4291 35.
1884 4221 1921 4279 de
1960 4217 2100 4280 Heraclio

962 4317 1065 4365 ronna
1088 4299 1234 4361 Vandalos
1255 4296 1346 4360 misso
1366 4321 1401 4363 ex
1421 4303 1570 4384 Procopio
1592 4298 1700 4374 erarii,
1735 4301 1788 4362 sub
1818 4323 1844 4364 a.
1868 4321 1908 4378 14.
1928 4305 2036 4365 Leonis
2061 4309 2102 4367 ita

961 4403 1061 4454 narrat
1085 4387 1353 4449 Trrsorrrnnrss
1376 4387 1446 4452 Hoc
1468 4405 1547 4450 anno
1567 4385 1630 4451 Leo
1664 4387 1738 4466 imp.
1761 4388 1959 4460 Heraclium¹
1976 4389 2101 4477 Edeffe·

961 4497 1056 4557 nrrrn,
1076 4473 1164 4538 Flari
1186 4468 1352 4555 exconsulis
1365 4474 1491 4558 filium,
1526 4484 1556 4538 et
1579 4468 1720 4552 Murfirm
1745 4473 1911 4558 Isauram,
1936 4479 2023 4548 viros
2042 4498 2102 4541 ar-

959 4566 1022 4629 mis
1030 4562 1198 4710 pirensem,
1220 4579 1288 4623 cnm
1311 4557 1493 4622 exercitibus
1512 4581 1553 4624 ex
1574 4559 1738 4642 Aegypta,
1775 4561 1925 4628 erebu'r‘de
1945 4574 1975 4627 rt
1995 4583 2099 4629 memo

957 4652 1028 4716 colle
1056 4651 1105 4723 is,
1131 4643 1276 4728 aduersus
1299 4643 1492 4709 Gierriclmm
1518 4647 1605 4730 mist.
1647 4643 1704 4729 lsli
1723 4665 1764 4710 ex
1785 4647 1950 4732 impronifir
1971 4650 2102 4714 Vanda·

961 4739 1008 4803 las
1028 4731 1178 4820 aggress,
1207 4732 1378 4814 Tripolim,
1402 4742 1432 4794 et
1452 4734 1534 4796 alias
1553 4731 1669 4812 Libyae
1689 4735 1830 4798 ciuitates
1843 4741 1999 4818 plurimas
2020 4757 2100 4802 rece»

957 4832 1091 4910 perant,
1113 4830 1143 4885 rt
1160 4822 1294 4903 granius
1314 4822 1433 4895 rrrnlto,
1460 4839 1553 4902 qnam
1574 4816 1701 4881 antestat
1722 4823 1828 4884 nartali
1841 4825 1958 4903 proelio
1990 4822 2099 4906 Bastli·

949 4909 1043 4998 scns‚
1061 4903 1215 4972 Gizericlri
1230 4907 1312 4968 vires
1329 4907 1540 4973 arn-iuerunts
1562 4905 1638 4970 adeo
1649 4913 1684 4967 vt
1705 4905 1743 4969 de
1757 4927 1836 4990 pace
1856 4929 1924 4972 crem
1948 4913 2020 4992 imp.
2037 4909 2099 4974 Le-

842 5057 847 5062 .
961 5017 1015 5061 one
1027 4991 1191 5075 sancienda
1223 4994 1405 5072 legationem
1428 4992 1550 5056 mittere
1568 4998 1722 5074 pararet,
1752 5013 1877 5080 eamque
1896 4995 2017 5059 demum
2054 4989 2126 5058 ab‘

920 5135 923 5140 .
947 5081 1060 5150 .Lcone
1082 5079 1233 5153 nouauit,
1254 5098 1321 5140 cunr
1345 5078 1492 5141 nimirum
1507 5073 1667 5162 Basilisci,
1694 5080 1835 5148 Heraclii
1840 5091 1885 5159 ‚et
1904 5083 2005 5168 Mars
2025 5098 2097 5166 opr-

963 5187 1005 5236 ra
1024 5165 1069 5233 ari
1084 5165 1249 5253 struendas
1271 5161 1389 5248 Aspuri
1410 5163 1531 5258 issimus
1549 5163 1708 5245 indigeret.
