4917 6992
721 1302 730 1325 .
835 1274 895 1363 ’ῳ
1130 1328 1159 1355 ,,
1260 1245 1698 1345 eorurc'oxvu

620 1374 823 1467 implum-

617 1474 736 1527 runuo
757 1466 781 1529 1.

724 1725 794 1809 258·

704 2916 711 2925 .
749 2880 752 2885 .
839 2815 958 2908 essent,

1269 1454 1272 1461 ’
1378 1494 1405 1539 ³·
1432 1471 1470 1540 C·
1496 1492 1563 1563 554·

1424 1594 1455 1689 §.
1482 1615 1547 1685 350.

938 1715 1191 1812 Eo·ternpore,
1215 1730 1294 1813 'quo
1333 1714 1432 1787 Teias
1470 1709 1599 1787 excessu
1625 1738 1644 1784 e
1670 1700 1775 1793 niuis,
1812 1718 1844 1782 e't
1860 1704 2039 1785 ''Gotthicae
2080 1736 2122 1785 re

831 1821 1010 1915 peregrinis
1036 1814 1158 1885 auxiliis
1182 1833 1336 1912 egerent,
1362 1819 1399 1887 T
1401 1808 1891 1892 heodibaldus·adolescentulus
1925 1816 2128 1889 Francorum

831 1942 891 1988 rex
917 1935 992 1988 erat.
1045 1911 1111 1986 Sed
1147 1932 1179 1985 et
1195 1912 1430 1987 ·Glrildebertus
1459 1936 1491 1989 et
1528 1915 1711 1987 Clotharius
1746 1916 1815 1985 eius
1849 1916 1988 1984 maxuni
2007 1920 2130 2013 ,patrui

832 2020 959 2114 (prout
984 2014 1015 2088 le
1039 2042 1071 2087 es
1095 2018 1197 2090 Rom.
1219 2017 1458 2114 loquerentur)
1485 2036 1596 2103 erant:
1623 2014 1664 2093 ad
1689 2018 1751 2087 hos
1772 2066 1783 2097 ,
1816 2034 1930 2113 utpote
1960 2014 2128 2090 remotiffi·

829 2141 886 2189 me
911 2114 988 2189 inde
1005 2037 1191 2215 degentes,
1216 2120 1332 2189 Gotthi
1346 2144 1551 2216 nequaquam
1573 2114 1719 2189 eundum
1735 2110 1934 2187 censuerunt.
1959 2113 2000 2187 ad
2012 2118 2128 2191 Theo·

831 2213 1000 2292 dibaldum
1041 2244 1120 2288 vero
1159 2229 1268 2314 aperte
1290 2218 1489 2315 legationem
1513 2219 1736 2305 irrssituerunt3
1770 2242 1841 2287 non
1866 2236 1976 2287 tamen
2004 2222 2127 2290 vuius-r·

831 2312 866 2389 sa
902 2322 1013 2403 natio;
1048 2312 1103 2388 sed
1131 2313 1189 2387 soli
1221 2323 1278 2417 qui
1303 2323 1391 2391 iuxta
1428 2316 1552 2391 Padum
1591 2318 1729 2391 fluuium
1768 2313 1935 2415 degebant.
1961 2316 2011 2387 alii
2048 2344 2127 2391 vere

832 2416 1017 2518 gaudebant
1042 2412 1176 2515 quidem
1203 2438 1235 2490 et
1260 2443 1370 2491 rerum
1408 2424 1644 2501 innonatione,
1683 2438 1714 2491 et
1743 2416 1836 2488 ssatus
1866 2422 2123 2506 immutatione,

834 2517 973 2619 peoenlsr
1001 2535 1113 2589 tamen
1139 2538 1250 2601 erant,
1276 2518 1316 2589 de
1342 2539 1459 2591 euentu
1488 2518 1685 2601 dubitanter,
1712 2538 1745 2589 et
1770 2512 1920 2589 fortunae
1953 2518 2125 2591 instabilita-

835 2638 906 2697 tem
932 2613 1216 2717 pertimescentes,
1243 2639 1276 2689 et
1298 2615 1450 2717 suspensis
1478 2618 1644 2719 dubiisque
1675 2622 1790 2691 animis
1814 2612 2046 2701 obscurabant,
2072 2615 2125 2691 sci·

835 2720 1047 2892 tabanturqge
1072 2716 1150 2890 qqid
1176 2738 1331 2817 agerent,
1385 2740 1524 2795 tuentes
1547 2727 1606 2806 iis,
1632 2726 1688 2823 qui
1712 2722 1861 2821 potiores
1884 2714 2123 2823 superioresque

1028 2844 1089 2890 ea
1124 2845 1254 2921 ungere.

1128 2964 1133 2969 ’
1421 2928 1451 3029 §-
1477 2954 1537 3029 351·

940 3049 1094 3126 Aliorum
1118 3076 1199 3124 vero
1227 3070 1370 3125 oratores
1394 3078 1471 3123 cum
1496 3058 1531 3123 in
1566 3058 1650 3147 regis
1686 3046 1899 3151 sonipedum
1934 3044 2123 3127 venissent,

829 3155 952 3219 ‘omnes
978 3154 1074 3223 etiam
1100 3156 1261 3251 primores
1286 3154 1467 3251 rogabant,
1493 3150 1536 3225 ne
1562 3150 1625 3227 sese
1650 3180 1668 3223 a
1691 3156 1850 3227 Romanis
1884 3146 2049 3251 oppressos
2061 3146 2124 3217 ''de-

836 3242 1012 3344 spicerent3
1042 3246 1098 3324 sed
1124 3246 1239 3324 sociale
1266 3280 1343 3324 cum
1364 3252 1443 3350 ipsrs
1468 3254 1588 3327 bellum
1612 3248 1826 3353 susciperent,
1859 3274 1892 3326 et
1916 3255 2005 3351 genti
2033 3248 2123 3321 fruiti·

835 3370 912 3418 mae
936 3370 1031 3447 atque
1055 3356 1177 3423 amicae
1202 3348 1360 3451 suppetias
1383 3344 1525 3438 ferreus,
1553 3382 1636 3456 quae
1662 3354 1779 3456 alioqui
1797 3362 1831 3425 in
1845 3350 2023 3425 discrimine
2036 3368 2123 3428 erati
2236 3424 2237 3443 ,

837 3472 883 3517 ne
905 3442 1050 3521 funditur
1075 3466 1280 3526 euerteretur.
1319 3452 1539 3528 Ostendebant
1565 3476 1754 3556 praeterea,
1773 3454 1846 3543 'quc
1870 3459 1966 3527 etiam
1986 3480 2034 3523 ex
2058 3449 2122 3522 illo·

721 3588 727 3599 .
834 3570 912 3620 rum
936 3576 972 3621 re
997 3556 1143 3624 maxime
1167 3550 1336 3637 sumtum,
1370 3552 1489 3630 finon
1519 3579 1702 3659 paterentur
1731 3560 1903 3630 Romanos
1928 3550 1968 3625 ad
2004 3570 2122 3635 tantum

835 3654 1017 3746 potentiam
1047 3656 1165 3736 euehi,
1200 3652 1257 3726 sed
1281 3662 1388 3754 potius
1422 3660 1573 3731 omnibus
1611 3660 1727 3732 viribus
1766 3684 1884 3731 eorum
1922 3660 2120 3727 incremento

836 3748 1016 3825 officerent.
1069 3757 1111 3825 Si>
1129 3753 1218 3827 enim
1244 3753 1423 3831 uniuersam
1448 3780 1581 3859 gentem
1607 3764 1795 3835 Gotthicam
1819 3758 2030 3836 -deleueriut,
2070 3752 2121 3823 sla·
2235 3752 2236 3790 l

835 3854 897 3921 tim
924 3859 1020 3924 etiam
1042 3858 1078 3925 in
1103 3882 1186 3939 vos,
1215 3854 1361 3931 dicebant
1386 3882 1553 3945 oratores,
1577 3866 1755 3935 exercitum
1788 3858 1927 3939 ducent,
1947 3878 1984 3929 et
1996 3854 2120 3953 pristina

834 3948 918 4023 bella
941 3953 1168 4027 instaurabunt.
1220 3961 1337 4127 Neque
1360 3964 1458 4049 renim
1484 3960 1545 4043 illis
1576 3963 1623 4035 est
1646 3957 1812 4051 ¹defutura
1847 3955 1985 4057 speciosa
2022 3955 2121 4052 aliqua
2234 4040 2235 4055 ἶ

837 4046 953 4135 causa,
980 4078 1079 4151 quam
1104 4060 1251 4127 auaritiae

793 4202 797 4209 -
836 4169 913 4233 tur,
937 4148 993 4223 sed
1017 4153 1135 4226 iustum
1160 4156 1280 4228 bellum
1306 4184 1466 4241 mouere,
1492 4182 1648 4261 tanquam
1673 4160 1754 4235 nihil
1778 4162 1917 4235 alienum
1936 4156 2102 4259 quaesituri
2109 4206 2119 4236 ‚

836 4245 893 4321 sed
918 4257 1082 4325 maiorum
1107 4251 1243 4329 suonrm
1274 4252 1480 4357 possessiones
1514 4269 1739 4361 recuperaturi.
1792 4264 1876 4335 Tale
1900 4286 2003 4361 porro
2029 4263 2119 4329 etiam
2233 4286 2234 4311 i

753 4394 783 4461 ἰ
839 4351 933 4424 nobis
960 4359 1085 4425 crimen
1111 4357 1287 4442 obiicient,
1314 4360 1403 4458 quod
1427 4358 1564 4448 scilicet,
1604 4391 1707 4463 quum
1736 4362 1984 4445 Theodericus,
2016 4358 2120 4430 noller

841 4452 922 4525 olim
945 4461 1095 4553 princeps
1118 4479 1152 4529 et
1176 4458 1324 4531 coloniae
1349 4460 1558 4537 deducendae
1583 4470 1730 4547 author,
1763 4492 1839 4538 non
1869 4460 2021 4537 decenter
2045 4457 2120 4533 loli-
2232 4538 2233 4547 χ

840 4578 895 4624 am
920 4554 1123 4654 occupasset,
1142 4560 1262 4631 'noflris
1289 4560 1422 4733 quidem
1443 4566 1540 4637 'rebus
1564 4592 1625 4638 nos
1649 4562 1842 4664 spoliarunt3
1867 4572 2027 4637 maiorem
2046 4585 2119 4662 gest·

840 4659 879 4725 tis
903 4656 1031 4729 nostrae
1057 4680 1181 4755 partem
1210 4667 1289 4733 truci
1315 4684 1429 4747 arunt,
1469 4693 1588 4740 uxores
1614 4687 1645 4739 et
1664 4667 1785 4739 ¹liberos
1811 4666 2055 4765 opulentiorum
2091 4686 2119 4730 a·

841 4753 912 4855 pud
937 4782 998 4829 nos
1023 4761 1198 4833 homiuum
1222 4770 1374 4837 atrociter
1399 4762 1454 4838 sub
1480 4768 1602 4839 hastam
1628 4764 1791 4841 miserunt.
1825 4772 1911 4867 atqui
1937 4762 2118 4838 Tlreoderi·
2231 4786 2232 4837 t

843 4883 899 4927 cus
922 4884 993 4929 non
1018 4862 1050 4931 ν’ἰ
1075 4883 1227 4960 captam,
1262 4860 1316 4935 sed
1341 4870 1481 4939 Zenonis
1507 4888 1598 4940 antea
1637 4867 1781 4967 ipsorum
1800 4866 1896 4969 ¹regis
1930 4860 2116 4965 permissui

841 4954 900 5029 fibi
927 4956 1282 5047 adiunxeratitaliam,
1304 4966 1384 5037 nihil
1414 4972 1573 5041 Ronranis
1598 4974 1732 5069 eripiens
1761 4973 1850 5063 (iam
1882 4968 1970 5041 enim
1996 4992 2033 5037 ea
2057 4968 2116 5065 pri·

842 5062 907 5130 uati
934 5065 1056 5155 erant)
1080 5070 1159 5162 quin
1182 5070 1291 5164 potius
1314 5064 1403 5141 caeso
1431 5068 1586 5175 Odoacro
1613 5070 1739 5146 aduena
1766 5090 1931 5169 tyranno,
1958 5094 2039 5170 quae
2063 5064 2116 5139 illi-

1236 5194 1239 5201 ·
2075 5188 2116 5237 us

824 5251 827 5260 ¹
883 5277 943 5340 258.
965 5267 1106 5337 ἉΟΛΤΗ.
1133 5270 1165 5332 L.
1188 5270 1211 5333 1.
1235 5290 1265 5357 p.
1282 5287 1326 5369 ¹15,
1351 5278 1393 5335 16.

1290 4083 1347 4128 une.
1370 4078 1565 4155 praetexant.
1579 4088 1704 4135 -non
1740 4068 1808 4134 vim
1834 4060 1947 4133 illaturi
1970 4052 2120 4131 uidebun-
2234 4060 2235 4096 l
