4917 6992
813 1188 895 1299 ‘ns
1046 1181 1072 1298 f
1255 1208 1689 1295 oornrconvnr

604 1326 822 1408 ‘Imnlvsrr-
859 1317 862 1325 ’
1072 1366 1078 1375 .

619 1426 737 1473 >trano
761 1417 782 1475 L
1382 1445 1410 1492 a,
1435 1422 1474 1491 ς,
1501 1432 1564 1513 538,

914 1545 1058 1619 barbari:
1083 1548 1158 1645 Age
1187 1568 1292 1623 vero:
1330 1538 1440 1615 saltem
1466 1564 1574 1641 patere
1610 1544 1760 1618 adeamus
1786 1548 2041 1642 imperatorem,
2078 1566 2113 1617 et

834 1677 910 1721 cum
935 1642 1004 1744 ipso
1031 1671 1270 1745 componamus
1295 1641 1335 1717 de
1360 1670 1470 1716 rerum
1501 1640 1635 1717 summa.
1686 1650 1821 1717 Certum
1861 1650 1956 1719 etiam
1995 1645 2112 1717 conili-

832 1746 991 1823 tuendum
1018 1746 1063 1818 est
1088 1766 1236 1845 tempus,
1263 1768 1330 1845 quo
1354 1750 1437 1817 inter
1462 1766 1634 1845 utrumque
1659 1750 1835 1857 exercituin
1867 1744 2015 1819 induciae
2051 1752 2111 1817 rite

728 1893 736 1907 =
836 1867 997 1924 maneant.

911 1967 1071 2047 belisarius
1097 1997 1115 2039 ε’
1133 1972 1245 2050 Licet,
1272 1970 1313 2036 ita
1338 1966 1403 2040 fiat.
1452 1968 1633 2069 Nunquam
1660 1968 1863 2041 enimvobis
1895 1965 2112 2067 impedimen·
2179 1976 2182 1979 ’

816 2094 929 2157 tum,
958 2069 1183 2144 meditantibus
1207 2060 1346 2168 pacem,
1371 2062 1519 2139 inseram.

832 2176 845 2207 ⁴
908 2198 969 2268 His
996 2188 1087 2265 dietis
1113 2190 1200 2274 collo
1224 2194 1318 2263 nium
1342 2184 1484 2261 solutum
1511 2187 1578 2271 est,
1616 2186 1734 2289 suaque
1771 2192 1806 2260 in
1832 2186 1928 2261 casira
1967 2209 2111 2262 oratores

832 2298 1033 2371 Gotthorum
1057 2289 1175 2365 reuerfi
1204 2218 1288 2363 sunt.
1338 2285 1615 2387 consequentibus
1642 2288 1750 2363 diebus
1776 2289 1859 2362 ultro
1887 2296 2111 2389 citroquecre-

831 2400 892 2471 bro
920 2399 1163 2475 commeantes,
1188 2398 1383 2491 pepigenmt
1404 2386 1568 2475 inducias,
1595 2408 1626 2463 et
1650 2390 1845 2465 confirmare
1870 2389 1947 2465 datis
1959 2398 2110 2492 utrinque

837 2494 999 2575 obsidibus
1023 2501 1097 2571 viris
1118 2490 1294 2597 insignibus
1319 2488 1549 2587 decreuerunt.-

1412 2641 1535 2739 §.205

909 2774 1003 2843 Dum
1026 2770 1108 2841 haee
1131 2767 1176 2839 ibi
1200 2777 1371 2866 aguntur,
1387 2766 1505 2836 interea
1530 2780 1664 2862 portum
1689 2762 1881 2836 Romanum
1906 2761 2002 2838 eladis
2027 2760 2114 2839 isau-

835 2900 951 2949 rorum
976 2890 1086 2945 tenet,
1114 2887 1146 2939 et
1169 2873 1307 2939 loannes
1332 2890 1408 2935 cum
1432 2860 1493 2936 suis
1513 2864 1637 2939 Ostiam
1663 2870 1758 2937 venit.
1787 2864 1798 2899 ‘
1818 2862 1936 2953 Vnde,
1961 2862 2113 2942 belisario

833 2971 1053 3075 prouidente,
1078 2974 1225 3043 Romam
1253 2985 1410 3068 quantum
1434 2962 1504 3039 satis
1530 2986 1597 3040 erat
1622 2962 1801 3049 frumenti,
1832 2966 1914 3040 nihil
1938 2992 1957 3038 a
1979 2970 2113 3047 Gotthis

833 3072 1005 3177 impediti,
1028 3068 1195 3144 adnehrmt
1213 3068 1235 3140 '.

1382 3170 1431 3267 §.
1457 3172 1530 3243 206.

907 3314 1039 3393 Deinde
1063 3312 1269 3389 induciarum
1294 3310 1421 3388 obfides
1445 3318 1594 3413 utrinqne
1618 3310 1683 3389 dati
1706 3311 1780 3391 sunt
1828 3341 1846 3387 a
1871 3316 2028 3391 Romanis
2049 3320 2111 3395 ze-

831 3444 902 3504 no,
927 3448 946 3491 a
971 3420 1101 3492 Gotthis
1127 3418 1171 3491 V
1167 3417 1291 3496 siasf),
1315 3421 1366 3489 vir
1401 3442 1472 3489 non
1498 3410 1671 3502 obscums,
1710 3438 1741 3493 et
1775 3438 1906 3490 cautum
1942 3416 2009 3501 esi,
2044 3438 2111 3493 tres

829 3518 957 3595 menses
981 3523 1101 3592 mutuis
1125 3514 1303 3589 incursibus
1328 3512 1401 3589 fore
1425 3541 1567 3600 vacuos,
1597 3512 1705 3593 donee
1730 3516 1848 3594 restersi
1873 3522 2031 3613 Byzantio
2062 3522 2112 3597 se-

829 3628 921 3722 gari,
946 3649 1011 3722 qua
1033 3638 1146 3693 mente
1168 3623 1347 3716 imperaror
1376 3614 1452 3691 esset
1475 3624 1716 3693 renuntiarent:
1740 3617 1781 3693 'sr
1807 3644 1871 3719 qua
1895 3624 2009 3692 inituia
2058 3649 2111 3695 ars

828 3724 927 3796 altera
948 3722 1082 3797 alteram
1105 3738 1324 3819 prouocaret,
1347 3717 1472 3821 legatos
1496 3719 1707 3794 nihilominus
1747 3720 1903 3794 relaturos
1941 3718 1992 3812 ad,
2030 3750 2109 3799 uam

830 3845 975 3923 gentem.
1007 3824 1136 3920 &Itaque
1173 3824 1369 3914 Byzantium
1407 3814 1548 3923 profedi
1583 3816 1656 3897 sunt
1691 3842 1834 3897 oratores
1871 3824 2075 3913 Gotthonrm
2093 3880 2110 3913 ,

811 3928 990 3999 -Romanis
1015 3921 1213 3995 ducentibus.
1224 3954 1271 3971 -
1709 3956 1713 3964 ·

1407 4018 1437 4115 §.
1464 4045 1534 4111 207.

911 4172 1049 4253 Gotthi,
1077 4174 1133 4271 qui
1153 4159 1332 4268 ¹portuense
1359 4164 1522 4240 cassellum
1548 4172 1723 4253 tenebant,
1750 4166 1869 4247 deferti
1880 4170 2025 4254 cibariis,
2051 4193 2110 4247 ex·

815 4265 1016 4353 'cessensnt,
1042 4268 1084 4343 de
1108 4266 1261 4344 sententia
1283 4272 1421 4367 Vitigis,
1448 4274 1536 4345 cuius
1561 4278 1652 4345 acciti
1678 4294 1815 4346 euocatu
1852 4280 1887 4347 in
1913 4272 2011 4345 castra
2034 4266 2112 4342 red-

740 4398 797 4473 ¹55·
835 4376 909 4446 iere
959 4375 1088 4446 Locum
1128 4374 1301 4471 occupauit
1337 4395 1476 4441 vacuum
1504 4372 1617 4447 Paulus
1643 4402 1720 4447 cum
1743 4370 1851 4447 Isauris
1878 4374 1965 4449 Ostia
1992 4368 2108 4445 dunis.

835 4476 938 4547 Porro
964 4474 1114 4547 barbaros
1138 4471 1210 4543 illos
1235 4468 1276 4542 ad
1304 4472 1405 4543 vidus
1428 4478 1598 4569 penuriam
1629 4474 1824 4576 redegerunt
1859 4480 2003 4549 maxime
2036 4474 2111 4545 Ro·-

771 4661 774 4669 ¹
833 4580 949 4658 mani,
976 4580 1032 4674 qui
1054 4572 1107 4645 sic-
1123 4577 1207 4644 mari
1230 4570 1504 4655 dominabantur,
1544 4598 1579 4651 vt
1602 4577 1683 4649 nibil
1708 4603 1858 4650 annonae
1882 4576 1923 4650 ad
1949 4570 2032 4677 ipsos
2057 4576 2108 4644 in.

831 4670 911 4747 ferri
943 4674 1092 4748 sinerent.
1139 4673 1365 4847 Ofamobrem
1404 4692 1438 4745 et
1469 4676 1729 4763 Commodias,
1768 4679 1881 4753 vrbem
1906 4681 2107 4751 maritimam

830 4802 871 4847 ae
894 4775 1139 4859 nobiliffimam,
1178 4777 1219 4847 ub
1244 4762 1334 4847 idem
1359 4774 1486 4871 tempus
1500 4781 1615 4852 Gotthi
1631 4776 1858 4863 destruerunt,
1886 4776 2109 4879 compellente
2252 4776 2254 4837 i

829 4878 894 4951 cibi
918 4882 1038 4981 inopia
1091 4876 1212 4979 Arnpla
1237 4872 1357 4953 estifla
1381 4876 1453 4950 vrbs
1476 4898 1573 4982 atque
1596 4880 1711 4959 incolis
1734 4877 1887 4997 frequens
1910 4886 1946 4957 in
1970 4870 2110 5053 mmsis
2252 4840 2253 4931 s

732 5216 740 5231 *
839 5198 918 5265 ⁴55·
941 5187 976 5254 1d
997 5188 1061 5256 ibid
1080 5212 1110 5279 p·
1134 5210 1190 5273 ⁴05
1218 5171 1279 5280 vf)
1307 5180 1455 5263 onoc
1520 5184 1527 5241 J
1625 5208 1628 5213 ·
