4917 6992
835 1182 1041 1259 cnrvT
1068 1186 1164 1259 vu..
1318 1244 1320 1249 .
1585 1216 1637 1283 171

1653 1296 1857 1381 Impivsrr.

903 1409 931 1455 a.
957 1386 995 1456 C.
1030 1406 1098 1477 539.
1649 1386 1817 1451 urnuol.
1886 1470 1890 1477 1

351 1505 422 1578 lum
449 1500 719 1574 adorientem-
734 1504 822 1574 Cum
846 1506 993 1601 prinnnn
1018 1508 1129 1579 venire
1152 1510 1351 1592 varcinium,
1379 1532 1441 1579 nee
1466 1512 1532 1589 iam
1558 1538 1635 1611 pro.

353 1604 406 1687 cul
431 1599 539 1675 abess'e
560 1599 659 1702 aridiit
683 1600 831 1701 praefidii
855 1602 1036 1703 praefedhrs
1073 1606 1221 1689 Conon,
1249 1608 1338 1709 ‘per
1376 1604 1539 1681 summam
1575 1602 1635 1689 im·
1671 1648 1674 1655 =
1786 1676 1796 1687 ,

351 1702 587 1807 prudentiam’
610 1708 829 1803 munitionem
856 1706 985 1806 reliquit
1007 1705 1156 1779 militibus
1181 1707 1277 1807 plane
1303 1734 1461 1783 vacuam:
1500 1730 1532 1784 et
1557 1740 1635 1789 cum

353 1832 473 1880 omnes
501 1800 677 1876 abduxilset
701 1803 803 1876 lladiis
826 1812 992 1907 quinque,
1018 1803 1165 1881 instruxit
1189 1814 1293 1881 aciem
1306 1851 1360 1881 -.
1385 1814 1541 1894 Romani,
1567 1810 1635 1889 viso

352 1906 499 1980 bolliru'n
524 1903 631 1977 multo
656 1910 772 1977 maiori
794 1932 957 1991 numero,
991 1903 1123 2007 ‘fugam
1151 1905 1285 1993 fecere,
1308 1931 1340 1983 et
1363 1938 1458 2011 aegre
1470 1918 1504 1983 in
1523 1916 1636 1991 vrbem

354 2036 424 2081 rece
451 2012 500 2091 ti,
525 2002 638 2078 seruati
661 2000 756 2089 lunt,
792 2010 865 2079 viris
890 2007 1041 2091 duobus,
1078 2008 1230 2083 Vlimane
1268 2014 1402 2084 Thrace
1430 2032 1462 2084 et
1486 2014 1637 2115 Bulgudu

352 2114 392 2185 M
436 2126 534 2209 agetu
556 2106 664 2180 hostes
688 2103 880 2193 fortiffime,
906 2137 983 2181 cnm
996 2114 1060 2181 iam
1074 2115 1187 2209 pinnas
1199 2131 1370 2197 tenerent,
1396 2112 1633 2213 repellentibus,

425 2236 511 2305 Hoc
533 2252 684 2327 tempore
709 2224 824 2302 Narses
851 2258 929 2303 cum
954 2237 1099 2333 quinque
1124 2232 1264 2306 millibus
1288 2232 1428 2307 militum
1466 2236 1566 2307 Rom.
1601 2258 1633 2311 et

352 2332 533 2408 Erulorum
559 2329 685 2409 duobus
708 2329 870 2419 millibus,
893 2330 1028 2409 ducibus
1044 2326 1212 2418 visando,
1237 2332 1357 2408 Alueth
1383 2362 1420 2407 ac
1439 2336 1633 2410 Phanotbeo

352 2442 389 2507 in
411 2432 537 2509 Italiam
561 2428 678 2505 venit'
711 2438 821 2505 πι)--.

932 2534 961 2629 §.
987 2555 1053 2624 219.

418 2650 594 2729 'Belisarius
619 2676 652 2728 et
675 2648 789 2725 Narles
813 2658 928 2729 iunc‘lis
953 2659 1054 2753 copiis
1080 2654 1124 2729 ad
1149 2653 1263 2727 vrbem
1287 2656 1458 2739 Firmum,
1483 2682 1566 2755 quae
1585 2654 1634 2731 lit·
1674 2676 1742 2749 1623

354 2760 416 2829 tori
437 2754 528 2829 finus
552 2762 636 2829 Ionii
662 2759 790 2839 vicina,
826 2754 890 2829 diei
924 2762 985 2829 iter
1009 2752 1101 2829 distat
1133 2754 1172 2827 ab
1196 2755 1275 2830 vrbe
1300 2760 1471 2838 Auximo,
1509 2754 1632 2831 ibidem

355 2859 466 2931 mado
498 2855 621 2929 ducum
647 2860 799 2929 omnium
823 2854 1165 2939 exercitus‘consrlio,
1192 2852 1426 2942 deliberarunt,
1451 2882 1515 2956 qua
1543 2878 1633 2955 parte

351 2958 484 3031 hostem
509 2979 621 3057 petere
642 2952 735 3029 satius
759 2952 843 3031 effes.
858 2992 901 3005 -
934 2959 1045 3031 cHaec
1069 2962 1152 3029 inter
1177 2952 1398 3031 Ariminenses
1425 2962 1578 3031 nuntium
1593 2956 1635 3031 ad

353 3055 536 3134 belisarium
560 3056 739 3140 miseruut,
763 3054 818 3141 se,
843 3053 902 3129 uili
924 3080 1097 3156 proruttun
1121 3053 1203 3131 ferat
1228 3058 1407 3141 auxilium,
1432 3080 1635 3132 commeame

356 3164 486 3259 pecunia
511 3160 692 3234 laborantes
714 3162 799 3231 intra
823 3152 948 3257 septem
972 3156 1098 3233 diesin
1122 3158 1267 3232 bostium
1292 3156 1451 3233 ditionem
1466 3180 1629 3233 venturos.

356 3266 441 3334 Hinc
464 3267 580 3337 Aratio
606 3288 684 3333 cum
709 3264 784 3333 viris
806 3258 896 3332 mille
920 3256 961 3331 ad
975 3265 1159 3335 Auximum
1183 3258 1298 3332 relidlo
1312 3306 1331 3343 ,·
1347 3287 1390 3333 ne
1404 3263 1633 3335 Gotthi'Rone.

356 3368 532 3435 exercitum
558 3390 578 3436 a
601 3385 695 3463 tergo
719 3355 826 3433 infesti
849 3383 1063 3463 premerent,
1086 3358 1153 3463 ipse
1181 3386 1260 3436 cnm
1285 3356 1418 3437 Narsete
1442 3364 1631 3437 Artemon

358 3460 553 3539 contendit²
585 3490 647 3537 -s
1592 3464 1598 3481 ‘

923 3563 953 3661 A
981 3588 1050 3639 220.
1169 3632 1172 3635 ,

432 3678 701 3783 rounam-ad
719 3700 873 3767 montes,
898 3679 961 3757 diei
983 3690 1045 3758 iter
1068 3684 1107 3756 ab
1120 3688 1273 3757 Arimino
1299 3679 1469 3765 distmtes,
1494 3707 1632 3781 peruen-
1669 3678 1735 3768 163.

359 3804 431 3857 tum
457 3784 525 3875 est3
548 3791 582 3855 in
605 3789 763 3887 exiguum
785 3781 968 3857 inciderunt
981 3786 1184 3859 Gotthomm
1208 3809 1352 3882 agmen,
1379 3788 1439 3855 rei'
1452 3788 1630 3881 cuiuspiam

358 3882 546 3958 neceffariae
568 3879 657 3956 causa
682 3890 742 3959 iter
763 3890 951 3985 agerrtinm:
977 3888 1035 3986 qui
1060 3887 1281 3983 necopinato
1305 3888 1340 3953 in
1364 3881 1515 3957 hostilem
1540 3908 1629 3957 exer·
1658 3920 1665 3927 ·

357 3991 454 4059 citum
479 3984 622 4084 delapsi,
647 3983 689 4059 de
713 3990 765 4061 via
787 4012 861 4059 non
883 3982 1109 4073 deflexerunt,
1147 3982 1256 4058 donec
1292 3990 1517 4083 praeeuntimn
1552 3980 1627 4056 telis

356 4087 406 4159 elii
426 4090 470 4161 ibi
496 4084 704 4177 cecideruut,
729 4085 781 4159 elii
805 4084 985 4173 vulnerati,
1022 4085 1064 4159 ad
1085 4092 1190 4161 vicina
1213 4082 1286 4158 saxa
1312 4080 1404 4157 cursu
1442 4080 1556 4158 furtim
1595 4078 1629 4157 se

354 4209 564 4289 recepenmt:
590 4185 676 4262 vnde
701 4187 1171 4285 contemplantesRomanum
1195 4193 1395 4271 exercittun,
1436 4184 1478 4259 ad
1510 4182 1627 4257 omnes
1705 4194 1711 4211 “
1741 4202 1744 4209 “

355 4294 474 4363 viamm
499 4288 656 4392 angustias
669 4288 926 4374 confluentem,
949 4294 1110 4363 maiorem
1135 4291 1240 4363 multo
1257 4340 1268 4372 ,
1317 4315 1392 4361 uam
1404 4314 1439 4361 re
1460 4283 1524 4386 ipsa
1539 4280 1625 4369 ellit,

355 4387 553 4482 indicarunt3
577 4416 615 4461 ac
639 4387 712 4463 vifis
735 4386 870 4465 Belisarii
896 4390 1040 4473 vexillis,
1065 4417 1116 4463 eas
1140 4392 1179 4461 ab
1203 4386 1275 4490 ipso
1294 4314 1376 4461 fduci
1402 4394 1509 4488 copias
1537 4384 1627 4459 iutel-

353 4488 506 4567 lexerunt.
558 4492 706 4565 Nodlem
732 4513 815 4567 mox
841 4486 1048 4565 consecutam
1074 4493 1219 4563 Romani
1253 4486 1464 4563 traduxerunt
1504 4484 1625 4559 eodem

355 4590 436 4666 loci:
458 4594 602 4668 ‘Gotthi
627 4590 669 4664 ad
695 4597 810 4693 Vitigis
837 4593 936 4668 castra
960 4588 1102 4667 reuerli'
1123 4644 1134 4675 ,
1159 4591 1385 4675 affirmamur,
1410 4594 1542 4663 iamiam
1580 4580 1626 4685 af·

354 4687 422 4766 fore
446 4690 633 4768 Belisarium
658 4697 735 4767 cum
759 4700 902 4768 exercitu
925 4692 1160 4767 innumerabili.
1212 4696 1301 4766 Mox
1326 4690 1371 4765 illi
1396 4690 1437 4764 ad
1475 4714 1623 4787 pugnam

354 4788 707 4896 fecompararunt-.
728 4791 904 4870 ‘Postridie
928 4798 1086 4973 etYRom
1110 4798 1289 4868 exercitum
1313 4818 1385 4867 non
1417 4788 1536 4894 procul
1571 4789 1624 4963 ll?

1025 4923 1048 4972 a
1558 4914 1622 4964 ee

393 5094 452 5171 m)
475 5098 582 5174 Longa
604 5093 652 5153 hic
676 5091 806 5177 sequitur
830 5096 866 5157 de
888 5098 960 5157 Eru-
1052 5101 1111 5157 162.
1121 5090 1164 5155 Id.
1187 5095 1260 5159 ibid.
1286 5114 1311 5155 c.
1336 5102 1375 5160 16.
1396 5110 1425 5175 p-
1448 5112 1617 5175 425..427.

356 5173 388 5239 b's
411 5180 571 5260 dimedio,
595 5198 687 5262 quam
710 5182 780 5246 vide
799 5180 853 5247 suo
878 5178 959 5243 loeo.
1020 5270 1025 5279 ι
1052 5186 1111 5254 163.
1130 5178 1174 5247 Id.
1196 5182 1270 5248 ibid.
1297 5201 1321 5245 c.
1349 5200 1390 5263 ¹7·
1413 5198 1442 5263 p.
1464 5196 1529 5259 428,
1553 5200 1620 5257 429.
