4917 6992
596 1288 801 1375 [medvsar-

598 1390 716 1439 urnuo
738 1379 761 1437 1.

815 1155 881 1278 ,μ’
1234 1132 1673 1263 corurconvu

1364 1400 1391 1447 a.
1417 1376 1456 1445 C.
1499 1396 1548 1458 3.

813 1506 1006 1579 ‘Martinus
1029 1494 1069 1571 ad
1093 1492 1276 1573 Belibrium
1302 1492 1427 1589 scribit,
1454 1395 1630 1567 eriescitum
1655 1485 1780 1563 Padmn
1803 1490 1947 1563 traiicere
1985 1483 2098 1561 refor.

812 1603 962 1685 midare,
987 1628 1065 1673 cum
1087 1606 1234 1699 ingentes
1260 1594 1323 1669 else
1350 1603 1385 1667 in
1410 1598 1541 1696 [igrrria
1569 1595 1772 1663 Gotthomm
1797 1594 1902 1671 vires,
1942 1608 1974 1662 et
2009 1616 2096 1668 cum

811 1707 871 1779 illis
897 1703 1089 1777 coniunctos
1115 1705 1263 1773 maximo
1291 1722 1430 1781 numero
1470 1689 1715 1792 Burgundiones
1752 1686 1932 1773 audierint,
1970 1714 2097 1791 rogare

728 1859 732 1861 -
812 1812 910 1906 igitur
923 1824 994 1887 ..vt
1018 1807 1177 1874 munem
1202 1818 1233 1879 et
1258 1798 1414 1871 Iustinum
1438 1824 1479 1870 ex
1504 1792 1642 1867 Aemilia
1675 1790 1793 1865 auxilio
1831 1787 1987 1862 rnittat’.
2039 1796 2098 1865 ln.

813 1929 899 1980 terea
923 1902 1004 1977 dum
1028 1899 1070 1971 ad
1093 1906 1261 1975 traiectum
1287 1903 1446 1971 Martinus
1473 1897 1663 1976 cundlatur,
1703 1913 1735 1965 et
1773 1886 1914 1963 Narsetis
1938 1890 2098 1965 mandata

813 2014 950 2084 Ioannes
976 2004 1146 2100 expediat,
1181 1996 1339 2081 ‘obselli,
1365 1996 1479 2071 frustra
1505 1989 1587 2094 ipsos
1615 1992 1656 2066 ad
1680 1998 1886 2092 eruptionem
1908 1986 2098 2069 faciendam

813 2112 963 2180 hortante
984 2100 1136 2176 Mundila
1155 2100 1190 2184 ‘,
1215 2120 1370 2199 accepta,
1395 2126 1495 2201 quam
1521 2095 1627 2168 hosles
1654 2092 1832 2177 dederant,
1865 2091 2054 2166 conditione
2084 2152 2097 2189 ,

815 2204 848 2281 se
874 2230 970 2307 atque
995 2204 1108 2277 vrbem
1135 2198 1355 2299 permiserunt.
1408 2208 1515 2298 Atque
1540 2191 1624 2295 ipsos
1650 2192 1782 2295 quidem
1807 2195 1928 2266 barbari
1954 2222 1972 2266 a
1997 2222 2097 2268 vexa·

815 2314 906 2381 tione
930 2306 1067 2377 intadlos
1092 2308 1128 2373 in
1153 2300 1296 2374 custodia
1316 2328 1404 2391 cum
1441 2296 1592 2376 Mundila
1628 2299 1793 2370 habuere:
1830 2296 1944 2369 vrbem
1981 2317 2097 2369 autem

815 2406 886 2482 solo
912 2422 1112 2506 aequarunt,
1143 2408 1215 2477 viris
1240 2404 1418 2484 omnibus,
1454 2398 1521 2472 stne
1558 2397 1624 2472 vllo
1663 2402 1770 2471 aetatis
1790 2392 2012 2480 'discrimine,
2051 2394 2095 2471 ad

768 2528 774 2535 '
817 2529 958 2583 trecenta
982 2510 1158 2580 minimum
1183 2502 1305 2587 millia,
1330 2506 1507 2601 peremtis,
1535 2486 1567 2571 et
1591 2498 1730 2571 multatis
1752 2496 1895 2571 libertate
1920 2492 2096 2593 foeminis3

819 2637 896 2711 quas
920 2602 1204 2706 Burgundionibus
1217 2603 1401 2692 donarunt,
1427 2600 1612 2700 praellitum
1629 2599 1783 2673 auxilium
1797 2618 2098 2671 remunerantes.-

896 2735 984 2803 Exin
1010 2731 1149 2810 Gotthi,
1175 2730 1305 2799 caeteris
1331 2727 1481 2809 vrbibus,
1515 2751 1596 2824 qnae
1622 2729 1774 2799 Romana
1807 2718 1963 2823 praesidia
1997 2724 2097 2797 habe·

818 2834 918 2912 bant,
945 2825 1109 2901 deditione
1134 2832 1255 2925 captis,
1281 2822 1461 2902 uniuersam
1485 2830 1650 2927 Liguriam
1673 2851 1833 2927 recepere.
1876 2829 2035 2901 Munus
2062 2844 2098 2899 et

821 2934 937 3007 Vliaris
962 2934 1108 3006 Romam
1130 2933 1377 3029 commercist
1401 2924 1521 3000 reuersi
1545 2924 1625 3000 sunt.
1704 2972 1727 2987 ‹.

1388 3111 1418 3208 §.
1442 3114 1512 3184 226.

906 3258 1032 3331 ‘Dum
1055 3250 1236 3341 Belisarius,
1265 3258 1379 3329 exadla
1404 3260 1468 3325 iam
1482 3258 1619 3348 hyeme,
1629 3280 1744 3355 agrurn
1757 3255 1912 3330 Picenum
1937 3262 2098 3337 eumeni.

821 3354 915 3432 uerso
939 3364 1080 3431 exercitu
1105 3362 1207 3455 petit,
1235 3384 1316 3459 quae
1342 3354 1522 3429 Mediolani
1549 3358 1749 3456 'contigerant
1773 3362 1952 3455 cognouit,
1991 3379 2025 3431 et
2061 3385 2098 3433 o-

822 3466 913 3534 mnia
937 3456 978 3530 ad
1001 3464 1234 3557 imperatorem
1260 3454 1463 3555 perscripsit'
1486 3508 1496 3539 ,
1523 3462 1578 3555 qui
1604 3464 1738 3556 cognito
1754 3454 1889 3529 Belisarii
1914 3456 2097 3533 etNarsetis

823 3558 975 3641 dissidio,
1001 3563 1091 3632 huno
1115 3556 1282 3657 externplo
1308 3562 1495 3641 reuocauit,
1522 3558 1705 3657 bellumque
1732 3562 1788 3631 vni
1812 3554 1961 3633 Belisario
1999 3558 2097 3635 dedit.

823 3658 989 3733 ‘Nassete
1014 3660 1104 3734 vero'
1119 3664 1315 3754 Byzantium
1354 3654 1558 3743 discedente,
1596 3658 1686 3731 Eruli
1712 3654 1895 3733 defectione
1918 3657 2026 3746 fassa,
2065 3651 2096 3735 se

824 3784 937 3834 contra
950 3766 1091 3835 Gotthos
1118 3788 1287 3858 nunquam
1310 3760 1429 3835 laturos
1455 3786 1543 3831 anna
1569 3764 1734 3845 imarunt,
1760 3754 1918 3835 sedbreui'
1931 3762 2004 3863 poll
2015 3790 2096 3865 poe·

822 3869 954 3937 nitentia
979 3861 1068 3935 duth·
1092 3858 1133 3935 ad
1159 3860 1308 3936 officium
1333 3860 1518 3935 redierunt'
1540 3862 1582 3933 ⁰).
2074 3862 2078 3865 ’

1399 4045 1428 4140 §.
1454 4067 1520 4131 227.

901 4188 947 4256 At
970 4142 1089 4283 Vitigis
1110 4202 1143 4255 et
1166 4186 1221 4281 qui
1247 4180 1305 4281 ipsi
1331 4179 1463 4257 aderant
1495 4186 1633 4265 Gotthi,
1673 4210 1750 4256 cum
1789 4182 1957 4261 aduersum
1996 4182 2028 4261 se
2066 4207 2096 4261 et

742 4358 747 4374 ⁸
823 4284 1018 4356 Rauennam
1042 4290 1151 4381 primo
1177 4310 1252 4356 vere
1281 4304 1454 4358 ventunun
1493 4280 1676 4357 Belisarium
1711 4283 1897 4370 audiissent,
1940 4292 2097 4389 quoniam

825 4380 858 4457 se
882 4380 967 4458 solos
991 4386 1076 4470 holli
1102 4385 1217 4455 unibus
1243 4390 1381 4484 impares
1406 4381 1601 4469 sentiebant,
1635 4386 1844 4460 coustitutum
1870 4388 1936 4471 est,
1958 4398 1996 4463 'vt
2021 4390 2097 4463 alio·

824 4514 901 4557 rum
927 4485 1040 4557 arixilia
1065 4485 1275 4557 barbarorum
1301 4482 1516 4569 accerserent,
1542 4491 1710 4559 Germanis
1721 4488 1774 4574 Pl,
1801 4514 1943 4588 quorum
1968 4486 2095 4563 fraudes

825 4616 863 4659 ac
884 4583 1203 4685 perfidiarn·enperti
1229 4592 1294 4657 ianr
1319 4584 1467 4673 fuerant,
1495 4586 1740 4687 praeterrnissis,
1777 4616 1819 4662 eo
1857 4597 2022 4673 conteuti,
2062 4610 2095 4665 ut

825 4684 918 4763 inse
943 4698 1032 4760 arim
1059 4713 1130 4761 non
1153 4683 1275 4761 ferrent
1299 4688 1348 4763 isli
1373 4716 1450 4763 cum
1476 4684 1649 4774 Belisari0,
1685 4715 1723 4761 ac
1760 4697 1878 4764 neutri
1902 4696 1984 4793 parti
2010 4688 2095 4777 saue·

2014 4814 2094 4867 rent.

872 4996 930 5057 168.
953 4988 995 5050 Id.
1019 4989 1092 5051 ibid.
1114 5012 1139 5053 c.
1162 5010 1207 5057 22.
1229 5010 1259 5074 p.
1283 5012 1354 5067 440,
1371 4946 1439 5068 ¹441.
1528 4977 1581 5072 p)
1608 4990 1734 5053 Francos
1756 4990 1896 5071 intelligit
1917 4999 2095 5082 Procopius,

872 5084 913 5147 o)
939 5072 1037 5136 locum
1060 5080 1212 5160 integrum
1237 5077 1304 5140 vide
1332 5080 1365 5139 in
1394 5078 1441 5146 E-
1490 5074 1543 5137 cfr.
1569 5094 1643 5156 quae
1664 5074 1748 5160 supra
1773 5080 1808 5143 ad
1834 5087 1859 5156 ς.
1886 5100 1945 5161 177.
1976 5102 2010 5145 ex
2046 5103 2116 5163 cog

829 5163 935 5226 rttlt'ct's
959 5166 987 5243 ς.
1002 5178 1052 5235 ἐι,
1490 5162 1557 5227 dem
1579 5158 1663 5227 emili
1684 5168 1843 5251 Procopio.

1903 1092 1909 1103 Ι

1885 2982 1891 2999 Ι

2151 3730 2155 3744 l

2236 4119 2240 4129 ι

2180 4534 2187 4553 Ι

1999 5615 2003 5622 ι

2117 5966 2146 5983 s
