<?xml version="1.0" encoding="UTF-8"?>
<!DOCTYPE html PUBLIC "-//W3C//DTD XHTML 1.0 Transitional//EN"
    "http://www.w3.org/TR/xhtml1/DTD/xhtml1-transitional.dtd">
<html xmlns="http://www.w3.org/1999/xhtml" xml:lang="en" lang="en">
 <head>
  <title>
</title>
<meta http-equiv="Content-Type" content="text/html;charset=utf-8" />
  <meta name='ocr-system' content='tesseract 3.04.00' />
  <meta name='ocr-capabilities' content='ocr_page ocr_carea ocr_par ocr_line ocrx_word'/>
</head>
<body>
  <div class='ocr_page' id='page_1' title='image "./memoriaepopulor02strigoog_0490.png"; bbox 0 0 4917 6992; ppageno 0'>
   <div class='ocr_carea' id='block_1_1' title="bbox 595 1322 844 1500">
    <p class='ocr_par' dir='ltr' id='par_1_1' title="bbox 595 1322 844 1500">
     <span class='ocr_line' id='line_1_1' title="bbox 641 1322 844 1437; baseline -0.025 -23"><span class='ocrx_word' id='word_1_1' title='bbox 641 1322 844 1437; x_wconf 49' lang='lat' dir='ltr'>&#39;implerant-</span> 
     </span>
     <span class='ocr_line' id='line_1_2' title="bbox 595 1436 807 1500; baseline -0.005 -1"><span class='ocrx_word' id='word_1_2' title='bbox 595 1451 600 1455; x_wconf 92' lang='lat'>·</span> <span class='ocrx_word' id='word_1_3' title='bbox 642 1446 760 1500; x_wconf 77' lang='lat' dir='ltr'>urano</span> <span class='ocrx_word' id='word_1_4' title='bbox 784 1436 807 1498; x_wconf 82' lang='grc' dir='ltr'>Ι.</span> 
     </span>
    </p>
   </div>
   <div class='ocr_carea' id='block_1_2' title="bbox 837 1214 1732 1324">
    <p class='ocr_par' dir='ltr' id='par_1_2' title="bbox 837 1214 1732 1324">
     <span class='ocr_line' id='line_1_3' title="bbox 837 1214 1732 1324; baseline 0.001 -16"><span class='ocrx_word' id='word_1_5' title='bbox 837 1214 933 1324; x_wconf 75' lang='lat'><strong>&#39;4²44</strong></span> <span class='ocrx_word' id='word_1_6' title='bbox 1256 1216 1732 1309; x_wconf 78' lang='lat' dir='ltr'>nnnvntcottvu</span> 
     </span>
    </p>
   </div>
   <div class='ocr_carea' id='block_1_3' title="bbox 855 1432 2150 1651">
    <p class='ocr_par' dir='ltr' id='par_1_3' title="bbox 855 1432 2150 1651">
     <span class='ocr_line' id='line_1_4' title="bbox 855 1432 2150 1651; baseline -0.014 -18"><span class='ocrx_word' id='word_1_7' title='bbox 855 1555 995 1633; x_wconf 85' lang='lat' dir='ltr'>Fulcaris</span> <span class='ocrx_word' id='word_1_8' title='bbox 1021 1553 1110 1625; x_wconf 84' lang='lat' dir='ltr'>enirn</span> <span class='ocrx_word' id='word_1_9' title='bbox 1128 1551 1333 1627; x_wconf 89' lang='lat' dir='ltr'>Hemlorum</span> <span class='ocrx_word' id='word_1_10' title='bbox 1360 1432 1620 1637; x_wconf 59' lang='lat' dir='ltr'>dd‚cbslsus</span> <span class='ocrx_word' id='word_1_11' title='bbox 1646 1548 1778 1651; x_wconf 89' lang='lat' dir='ltr'>quidem</span> <span class='ocrx_word' id='word_1_12' title='bbox 1804 1540 1888 1631; x_wconf 76' lang='lat' dir='ltr'>ille,</span> <span class='ocrx_word' id='word_1_13' title='bbox 1904 1546 2051 1649; x_wconf 83' lang='lat' dir='ltr'>nihilque</span> <span class='ocrx_word' id='word_1_14' title='bbox 2076 1550 2150 1651; x_wconf 81' lang='lat' dir='ltr'>pla.</span> 
     </span>
    </p>
   </div>
   <div class='ocr_carea' id='block_1_4' title="bbox 740 1645 2141 1931">
    <p class='ocr_par' dir='ltr' id='par_1_4' title="bbox 740 1645 2141 1931">
     <span class='ocr_line' id='line_1_5' title="bbox 743 1645 2141 1739; baseline 0.001 -12"><span class='ocrx_word' id='word_1_15' title='bbox 743 1710 748 1727; x_wconf 93' lang='lat'><strong><em>.</em></strong></span> <span class='ocrx_word' id='word_1_16' title='bbox 854 1681 899 1731; x_wconf 90' lang='lat' dir='ltr'>ne</span> <span class='ocrx_word' id='word_1_17' title='bbox 918 1645 1086 1731; x_wconf 81' lang='lat' dir='ltr'>&#39;bellicum</span> <span class='ocrx_word' id='word_1_18' title='bbox 1110 1648 1289 1730; x_wconf 87' lang='lat' dir='ltr'>formidare</span> <span class='ocrx_word' id='word_1_19' title='bbox 1311 1652 1451 1739; x_wconf 86' lang='lat' dir='ltr'>solebat,</span> <span class='ocrx_word' id='word_1_20' title='bbox 1478 1652 1581 1727; x_wconf 85' lang='lat' dir='ltr'>audax</span> <span class='ocrx_word' id='word_1_21' title='bbox 1607 1678 1686 1727; x_wconf 85' lang='lat' dir='ltr'>vero</span> <span class='ocrx_word' id='word_1_22' title='bbox 1711 1674 1744 1727; x_wconf 87' lang='lat' dir='ltr'>et</span> <span class='ocrx_word' id='word_1_23' title='bbox 1765 1648 1967 1725; x_wconf 86' lang='lat' dir='ltr'>inordinatus</span> <span class='ocrx_word' id='word_1_24' title='bbox 1990 1672 2081 1737; x_wconf 74' lang='lat' dir='ltr'>nat,</span> <span class='ocrx_word' id='word_1_25' title='bbox 2111 1675 2141 1728; x_wconf 88' lang='lat' dir='ltr'>et</span> 
     </span>
     <span class='ocr_line' id='line_1_6' title="bbox 740 1752 2138 1931; baseline -0.002 -100"><span class='ocrx_word' id='word_1_26' title='bbox 740 1773 754 1789; x_wconf 83' lang='lat'><em>&#39;</em></span> <span class='ocrx_word' id='word_1_27' title='bbox 834 1756 896 1830; x_wconf 77' lang='lat' dir='ltr'>ad</span> <span class='ocrx_word' id='word_1_28' title='bbox 919 1777 968 1831; x_wconf 86' lang='lat' dir='ltr'>res</span> <span class='ocrx_word' id='word_1_29' title='bbox 993 1752 1148 1857; x_wconf 84' lang='lat' dir='ltr'>gerendas</span> <span class='ocrx_word' id='word_1_30' title='bbox 1174 1754 1444 1931; x_wconf 70' lang='lat' dir='ltr'>exeguendasque</span> <span class='ocrx_word' id='word_1_31' title='bbox 1468 1782 1539 1829; x_wconf 90' lang='lat' dir='ltr'>non</span> <span class='ocrx_word' id='word_1_32' title='bbox 1575 1760 1617 1827; x_wconf 85' lang='lat' dir='ltr'>ita</span> <span class='ocrx_word' id='word_1_33' title='bbox 1642 1756 1725 1829; x_wconf 92' lang='lat' dir='ltr'>bene</span> <span class='ocrx_word' id='word_1_34' title='bbox 1754 1774 1966 1852; x_wconf 88' lang='lat' dir='ltr'>comparatus.</span> <span class='ocrx_word' id='word_1_35' title='bbox 2017 1756 2138 1855; x_wconf 80' lang='lat' dir='ltr'>Neque</span> 
     </span>
    </p>
   </div>
   <div class='ocr_carea' id='block_1_5' title="bbox 852 1852 2138 2163">
    <p class='ocr_par' dir='ltr' id='par_1_5' title="bbox 852 1852 2138 2163">
     <span class='ocr_line' id='line_1_7' title="bbox 854 1852 2138 1957; baseline -0.002 -25"><span class='ocrx_word' id='word_1_36' title='bbox 854 1864 944 1932; x_wconf 87' lang='lat' dir='ltr'>enim</span> <span class='ocrx_word' id='word_1_37' title='bbox 968 1852 1124 1957; x_wconf 71' lang='lat' dir='ltr'>praesedi</span> <span class='ocrx_word' id='word_1_38' title='bbox 1164 1879 1202 1929; x_wconf 86' lang='lat' dir='ltr'>ae</span> <span class='ocrx_word' id='word_1_39' title='bbox 1250 1864 1316 1932; x_wconf 89' lang='lat' dir='ltr'>ucis</span> <span class='ocrx_word' id='word_1_40' title='bbox 1342 1858 1440 1932; x_wconf 90' lang='lat' dir='ltr'>decus</span> <span class='ocrx_word' id='word_1_41' title='bbox 1480 1854 1542 1931; x_wconf 84' lang='lat' dir='ltr'>else</span> <span class='ocrx_word' id='word_1_42' title='bbox 1583 1852 1749 1940; x_wconf 86' lang='lat' dir='ltr'>censebat,</span> <span class='ocrx_word' id='word_1_43' title='bbox 1788 1860 1892 1929; x_wconf 81' lang='lat' dir='ltr'>aciem</span> <span class='ocrx_word' id='word_1_44' title='bbox 1917 1854 2076 1929; x_wconf 87' lang='lat' dir='ltr'>inllmere</span> <span class='ocrx_word' id='word_1_45' title='bbox 2102 1884 2138 1929; x_wconf 86' lang='lat' dir='ltr'>ac</span> 
     </span>
     <span class='ocr_line' id='line_1_8' title="bbox 854 1953 2136 2063; baseline -0.003 -28"><span class='ocrx_word' id='word_1_46' title='bbox 854 1956 1047 2061; x_wconf 72' lang='lat' dir='ltr'><strong>disponere:</strong></span> <span class='ocrx_word' id='word_1_47' title='bbox 1074 1953 1130 2031; x_wconf 93' lang='lat' dir='ltr'>sed</span> <span class='ocrx_word' id='word_1_48' title='bbox 1154 1958 1254 2033; x_wconf 73' lang='lat' dir='ltr'>sicubi</span> <span class='ocrx_word' id='word_1_49' title='bbox 1279 1956 1344 2063; x_wconf 87' lang='lat' dir='ltr'>ipse</span> <span class='ocrx_word' id='word_1_50' title='bbox 1368 1967 1403 2033; x_wconf 90' lang='lat' dir='ltr'>iu</span> <span class='ocrx_word' id='word_1_51' title='bbox 1422 1954 1556 2059; x_wconf 49' lang='lat' dir='ltr'>‘proelio</span> <span class='ocrx_word' id='word_1_52' title='bbox 1584 1954 1772 2058; x_wconf 82' lang='lat' dir='ltr'>conspicuus</span> <span class='ocrx_word' id='word_1_53' title='bbox 1807 1956 1953 2057; x_wconf 84' lang='lat' dir='ltr'>aliosque</span> <span class='ocrx_word' id='word_1_54' title='bbox 1987 1982 2136 2056; x_wconf 89' lang='lat' dir='ltr'>praecur·</span> 
     </span>
     <span class='ocr_line' id='line_1_9' title="bbox 852 2055 2133 2163; baseline -0.005 -26"><span class='ocrx_word' id='word_1_55' title='bbox 852 2088 928 2137; x_wconf 86' lang='lat' dir='ltr'>rens</span> <span class='ocrx_word' id='word_1_56' title='bbox 952 2086 1143 2163; x_wconf 86' lang='lat' dir='ltr'>magnoque</span> <span class='ocrx_word' id='word_1_57' title='bbox 1166 2066 1292 2162; x_wconf 87' lang='lat' dir='ltr'>impetu</span> <span class='ocrx_word' id='word_1_58' title='bbox 1318 2084 1349 2137; x_wconf 92' lang='lat' dir='ltr'>et</span> <span class='ocrx_word' id='word_1_59' title='bbox 1372 2060 1489 2135; x_wconf 87' lang='lat' dir='ltr'>ardore</span> <span class='ocrx_word' id='word_1_60' title='bbox 1512 2064 1612 2133; x_wconf 86' lang='lat' dir='ltr'>animi</span> <span class='ocrx_word' id='word_1_61' title='bbox 1650 2066 1694 2153; x_wconf 90' lang='lat' dir='ltr'>in</span> <span class='ocrx_word' id='word_1_62' title='bbox 1708 2060 1838 2135; x_wconf 87' lang='lat' dir='ltr'>hollem</span> <span class='ocrx_word' id='word_1_63' title='bbox 1867 2055 2029 2142; x_wconf 87' lang='lat' dir='ltr'>serretur,</span> <span class='ocrx_word' id='word_1_64' title='bbox 2064 2056 2133 2131; x_wconf 85' lang='lat' dir='ltr'>suis·</span> 
     </span>
    </p>
   </div>
   <div class='ocr_carea' id='block_1_6' title="bbox 833 2158 2135 2267">
    <p class='ocr_par' dir='ltr' id='par_1_6' title="bbox 833 2158 2135 2267">
     <span class='ocr_line' id='line_1_10' title="bbox 833 2158 2135 2267; baseline -0.004 -31"><span class='ocrx_word' id='word_1_65' title='bbox 833 2190 918 2266; x_wconf 70' lang='lat' dir='ltr'>gne</span> <span class='ocrx_word' id='word_1_66' title='bbox 942 2158 1010 2261; x_wconf 87' lang='lat' dir='ltr'>ipse</span> <span class='ocrx_word' id='word_1_67' title='bbox 1036 2164 1184 2236; x_wconf 89' lang='lat' dir='ltr'>manibus</span> <span class='ocrx_word' id='word_1_68' title='bbox 1207 2191 1355 2267; x_wconf 90' lang='lat' dir='ltr'>pugnam</span> <span class='ocrx_word' id='word_1_69' title='bbox 1382 2190 1460 2236; x_wconf 90' lang='lat' dir='ltr'>cum</span> <span class='ocrx_word' id='word_1_70' title='bbox 1486 2162 1579 2235; x_wconf 86' lang='lat' dir='ltr'>hoste</span> <span class='ocrx_word' id='word_1_71' title='bbox 1610 2158 1813 2243; x_wconf 76' lang='lat' dir='ltr'>consereret,</span> <span class='ocrx_word' id='word_1_72' title='bbox 1852 2162 1920 2233; x_wconf 90' lang='lat' dir='ltr'>hoc</span> <span class='ocrx_word' id='word_1_73' title='bbox 1949 2185 2040 2234; x_wconf 76' lang='lat' dir='ltr'>sero</span> <span class='ocrx_word' id='word_1_74' title='bbox 2080 2158 2135 2233; x_wconf 87' lang='lat' dir='ltr'>srbi</span> 
     </span>
    </p>
   </div>
   <div class='ocr_carea' id='block_1_7' title="bbox 850 2260 2132 2971">
    <p class='ocr_par' dir='ltr' id='par_1_7' title="bbox 850 2260 2132 2971">
     <span class='ocr_line' id='line_1_11' title="bbox 852 2260 2131 2366; baseline -0.002 -28"><span class='ocrx_word' id='word_1_75' title='bbox 852 2260 1102 2366; x_wconf 83' lang='lat' dir='ltr'>magnaelaudi</span> <span class='ocrx_word' id='word_1_76' title='bbox 1129 2261 1287 2349; x_wconf 89' lang='lat' dir='ltr'>ducebat,</span> <span class='ocrx_word' id='word_1_77' title='bbox 1305 2262 1474 2365; x_wconf 73' lang='lat' dir='ltr'>¹valdeque</span> <span class='ocrx_word' id='word_1_78' title='bbox 1500 2290 1541 2337; x_wconf 90' lang='lat' dir='ltr'>eo</span> <span class='ocrx_word' id='word_1_79' title='bbox 1566 2266 1702 2340; x_wconf 82' lang='lat' dir='ltr'>nomine</span> <span class='ocrx_word' id='word_1_80' title='bbox 1726 2264 1930 2364; x_wconf 76' lang='lat' dir='ltr'>gloriabatur.</span> <span class='ocrx_word' id='word_1_81' title='bbox 1969 2264 2066 2335; x_wconf 86' lang='lat' dir='ltr'>Turn</span> <span class='ocrx_word' id='word_1_82' title='bbox 2082 2288 2131 2345; x_wconf 74' lang='lat' dir='ltr'>ve·</span> 
     </span>
     <span class='ocr_line' id='line_1_12' title="bbox 851 2356 2132 2463; baseline -0.008 -21"><span class='ocrx_word' id='word_1_83' title='bbox 851 2392 893 2442; x_wconf 82' lang='lat' dir='ltr'>ro</span> <span class='ocrx_word' id='word_1_84' title='bbox 920 2369 1077 2463; x_wconf 88' lang='lat' dir='ltr'>temporis</span> <span class='ocrx_word' id='word_1_85' title='bbox 1100 2371 1226 2441; x_wconf 85' lang='lat' dir='ltr'>maiore</span> <span class='ocrx_word' id='word_1_86' title='bbox 1252 2373 1348 2441; x_wconf 92' lang='lat' dir='ltr'>etiam</span> <span class='ocrx_word' id='word_1_87' title='bbox 1374 2371 1552 2439; x_wconf 78' lang='lat' dir='ltr'>temeritate</span> <span class='ocrx_word' id='word_1_88' title='bbox 1576 2364 1696 2448; x_wconf 85' lang='lat' dir='ltr'>elatus,</span> <span class='ocrx_word' id='word_1_89' title='bbox 1727 2372 1763 2437; x_wconf 90' lang='lat' dir='ltr'>in</span> <span class='ocrx_word' id='word_1_90' title='bbox 1787 2356 1993 2437; x_wconf 82' lang='lat' dir='ltr'>Parmensem</span> <span class='ocrx_word' id='word_1_91' title='bbox 2020 2364 2132 2439; x_wconf 84' lang='lat' dir='ltr'>vrbem</span> 
     </span>
     <span class='ocr_line' id='line_1_13' title="bbox 852 2460 2130 2563; baseline -0.005 -22"><span class='ocrx_word' id='word_1_92' title='bbox 852 2464 1080 2541; x_wconf 73' lang='lat' dir='ltr'>excursionem</span> <span class='ocrx_word' id='word_1_93' title='bbox 1107 2460 1185 2539; x_wconf 89' lang='lat' dir='ltr'>secit</span> <span class='ocrx_word' id='word_1_94' title='bbox 1210 2474 1300 2559; x_wconf 87' lang='lat' dir='ltr'>(erat</span> <span class='ocrx_word' id='word_1_95' title='bbox 1323 2494 1403 2543; x_wconf 91' lang='lat' dir='ltr'>vero</span> <span class='ocrx_word' id='word_1_96' title='bbox 1428 2472 1494 2539; x_wconf 87' lang='lat' dir='ltr'>iam</span> <span class='ocrx_word' id='word_1_97' title='bbox 1516 2486 1586 2538; x_wconf 93' lang='lat' dir='ltr'>tum</span> <span class='ocrx_word' id='word_1_98' title='bbox 1611 2470 1725 2537; x_wconf 87' lang='lat' dir='ltr'>Parma</span> <span class='ocrx_word' id='word_1_99' title='bbox 1741 2462 1768 2537; x_wconf 76' lang='lat' dir='ltr'>&#39;a</span> <span class='ocrx_word' id='word_1_100' title='bbox 1797 2470 1926 2538; x_wconf 82' lang='lat' dir='ltr'>Francis</span> <span class='ocrx_word' id='word_1_101' title='bbox 1955 2466 2130 2563; x_wconf 88' lang='lat' dir='ltr'>occupata)</span> 
     </span>
     <span class='ocr_line' id='line_1_14' title="bbox 852 2558 2129 2667; baseline -0.002 -26"><span class='ocrx_word' id='word_1_102' title='bbox 852 2588 929 2641; x_wconf 88' lang='lat' dir='ltr'>cum</span> <span class='ocrx_word' id='word_1_103' title='bbox 954 2593 996 2639; x_wconf 91' lang='lat' dir='ltr'>ue</span> <span class='ocrx_word' id='word_1_104' title='bbox 1019 2558 1212 2662; x_wconf 72' lang='lat' dir='ltr'>oportuisset</span> <span class='ocrx_word' id='word_1_105' title='bbox 1234 2594 1312 2641; x_wconf 86' lang='lat' dir='ltr'>eum</span> <span class='ocrx_word' id='word_1_106' title='bbox 1337 2563 1548 2667; x_wconf 86' lang='lat' dir='ltr'>speculatores</span> <span class='ocrx_word' id='word_1_107' title='bbox 1581 2570 1668 2665; x_wconf 90' lang='lat' dir='ltr'>prius</span> <span class='ocrx_word' id='word_1_108' title='bbox 1695 2572 1861 2651; x_wconf 83' lang='lat' dir='ltr'>emittere,</span> <span class='ocrx_word' id='word_1_109' title='bbox 1903 2568 1959 2666; x_wconf 90' lang='lat' dir='ltr'>qui</span> <span class='ocrx_word' id='word_1_110' title='bbox 1988 2564 2129 2638; x_wconf 82' lang='lat' dir='ltr'>hostium</span> 
     </span>
     <span class='ocr_line' id='line_1_15' title="bbox 852 2664 2131 2768; baseline -0.002 -26"><span class='ocrx_word' id='word_1_111' title='bbox 852 2692 896 2742; x_wconf 90' lang='lat' dir='ltr'>oo</span> <span class='ocrx_word' id='word_1_112' title='bbox 958 2672 986 2737; x_wconf 87' lang='lat' dir='ltr'>&#39;a</span> <span class='ocrx_word' id='word_1_113' title='bbox 1010 2686 1158 2740; x_wconf 86' lang='lat' dir='ltr'>accurate</span> <span class='ocrx_word' id='word_1_114' title='bbox 1191 2668 1421 2768; x_wconf 76' lang='lat' dir='ltr'>explorarent,</span> <span class='ocrx_word' id='word_1_115' title='bbox 1447 2688 1543 2768; x_wconf 88' lang='lat' dir='ltr'>atque</span> <span class='ocrx_word' id='word_1_116' title='bbox 1566 2672 1608 2739; x_wconf 89' lang='lat' dir='ltr'>ita</span> <span class='ocrx_word' id='word_1_117' title='bbox 1633 2664 1778 2741; x_wconf 87' lang='lat' dir='ltr'>ordinate</span> <span class='ocrx_word' id='word_1_118' title='bbox 1803 2665 1917 2741; x_wconf 87' lang='lat' dir='ltr'>adres</span> <span class='ocrx_word' id='word_1_119' title='bbox 1942 2672 2131 2767; x_wconf 89' lang='lat' dir='ltr'>praecogni-</span> 
     </span>
     <span class='ocr_line' id='line_1_16' title="bbox 850 2764 2127 2868; baseline -0.003 -25"><span class='ocrx_word' id='word_1_120' title='bbox 850 2788 897 2843; x_wconf 87' lang='lat' dir='ltr'>tas</span> <span class='ocrx_word' id='word_1_121' title='bbox 921 2772 1099 2840; x_wconf 87' lang='lat' dir='ltr'>exercitum</span> <span class='ocrx_word' id='word_1_122' title='bbox 1123 2764 1263 2841; x_wconf 90' lang='lat' dir='ltr'>ducere:</span> <span class='ocrx_word' id='word_1_123' title='bbox 1291 2788 1323 2841; x_wconf 86' lang='lat' dir='ltr'>ar</span> <span class='ocrx_word' id='word_1_124' title='bbox 1347 2768 1399 2843; x_wconf 84' lang='lat' dir='ltr'>ille</span> <span class='ocrx_word' id='word_1_125' title='bbox 1424 2772 1661 2868; x_wconf 83' lang='lat' dir='ltr'>praecipitantia</span> <span class='ocrx_word' id='word_1_126' title='bbox 1685 2765 1750 2841; x_wconf 92' lang='lat' dir='ltr'>sola</span> <span class='ocrx_word' id='word_1_127' title='bbox 1775 2787 1807 2841; x_wconf 88' lang='lat' dir='ltr'>et</span> <span class='ocrx_word' id='word_1_128' title='bbox 1832 2771 2002 2842; x_wconf 83' lang='lat' dir='ltr'>temerario</span> <span class='ocrx_word' id='word_1_129' title='bbox 2030 2774 2127 2841; x_wconf 80' lang='lat' dir='ltr'>annui</span> 
     </span>
     <span class='ocr_line' id='line_1_17' title="bbox 850 2862 2127 2971; baseline -0.001 -28"><span class='ocrx_word' id='word_1_130' title='bbox 850 2875 977 2969; x_wconf 90' lang='lat' dir='ltr'>impetu</span> <span class='ocrx_word' id='word_1_131' title='bbox 1001 2862 1126 2950; x_wconf 85' lang='lat' dir='ltr'>fretus,</span> <span class='ocrx_word' id='word_1_132' title='bbox 1151 2868 1243 2942; x_wconf 92' lang='lat' dir='ltr'>nullo</span> <span class='ocrx_word' id='word_1_133' title='bbox 1267 2867 1381 2942; x_wconf 85' lang='lat' dir='ltr'>ordine</span> <span class='ocrx_word' id='word_1_134' title='bbox 1407 2870 1610 2945; x_wconf 86' lang='lat' dir='ltr'>Herulorum</span> <span class='ocrx_word' id='word_1_135' title='bbox 1637 2876 1745 2971; x_wconf 89' lang='lat' dir='ltr'>copias</span> <span class='ocrx_word' id='word_1_136' title='bbox 1775 2865 1942 2949; x_wconf 86' lang='lat' dir='ltr'>educens,</span> <span class='ocrx_word' id='word_1_137' title='bbox 1979 2890 2013 2942; x_wconf 94' lang='lat' dir='ltr'>et</span> <span class='ocrx_word' id='word_1_138' title='bbox 2036 2890 2127 2969; x_wconf 91' lang='lat' dir='ltr'>quot·</span> 
     </span>
    </p>
   </div>
   <div class='ocr_carea' id='block_1_8' title="bbox 797 2966 2127 3073">
    <p class='ocr_par' dir='ltr' id='par_1_8' title="bbox 797 2966 2127 3073">
     <span class='ocr_line' id='line_1_18' title="bbox 797 2966 2127 3073; baseline 0 -30"><span class='ocrx_word' id='word_1_139' title='bbox 797 3030 800 3033; x_wconf 77' lang='grc'>.</span> <span class='ocrx_word' id='word_1_140' title='bbox 851 2989 978 3073; x_wconf 86' lang='lat' dir='ltr'>quote</span> <span class='ocrx_word' id='word_1_141' title='bbox 1003 2972 1162 3044; x_wconf 83' lang='lat' dir='ltr'>Romanis</span> <span class='ocrx_word' id='word_1_142' title='bbox 1186 2970 1373 3071; x_wconf 86' lang='lat' dir='ltr'>legionibus¹</span> <span class='ocrx_word' id='word_1_143' title='bbox 1405 2998 1483 3046; x_wconf 90' lang='lat' dir='ltr'>eum</span> <span class='ocrx_word' id='word_1_144' title='bbox 1513 2966 1753 3070; x_wconf 82' lang='lat' dir='ltr'>sequebantur,</span> <span class='ocrx_word' id='word_1_145' title='bbox 1788 2976 1950 3047; x_wconf 81' lang='lat' dir='ltr'>concitato</span> <span class='ocrx_word' id='word_1_146' title='bbox 1993 2996 2127 3071; x_wconf 76' lang='lat' dir='ltr'>agmine</span> 
     </span>
    </p>
   </div>
   <div class='ocr_carea' id='block_1_9' title="bbox 838 3066 1700 3173">
    <p class='ocr_par' dir='ltr' id='par_1_9' title="bbox 838 3066 1700 3191">
     <span class='ocr_line' id='line_1_19' title="bbox 838 3066 1700 3173; baseline 0 -26"><span class='ocrx_word' id='word_1_147' title='bbox 838 3066 1024 3171; x_wconf 76' lang='lat' dir='ltr'>tendebat,</span> <span class='ocrx_word' id='word_1_148' title='bbox 1050 3068 1131 3145; x_wconf 78' lang='lat' dir='ltr'>nibil</span> <span class='ocrx_word' id='word_1_149' title='bbox 1154 3068 1280 3145; x_wconf 78' lang='lat' dir='ltr'>aduersi</span> <span class='ocrx_word' id='word_1_150' title='bbox 1305 3092 1500 3149; x_wconf 88' lang='lat' dir='ltr'>euenturum</span> <span class='ocrx_word' id='word_1_151' title='bbox 1522 3068 1700 3173; x_wconf 88' lang='lat' dir='ltr'>suspicatus.</span> 
     </span>
    </p>
   </div>
   <div class='ocr_carea' id='block_1_10' title="bbox 1436 3277 1535 3373">
    <p class='ocr_par' dir='ltr' id='par_1_10' title="bbox 1436 3277 1535 3373">
     <span class='ocr_line' id='line_1_20' title="bbox 1436 3277 1535 3373; baseline -0.04 0"><span class='ocrx_word' id='word_1_152' title='bbox 1436 3277 1468 3373; x_wconf 78' lang='lat'>§-</span> <span class='ocrx_word' id='word_1_153' title='bbox 1492 3298 1535 3369; x_wconf 80' lang='lat'>51·</span> 
     </span>
    </p>
   </div>
   <div class='ocr_carea' id='block_1_11' title="bbox 844 3429 2232 3743">
    <p class='ocr_par' dir='ltr' id='par_1_11' title="bbox 844 3429 2232 3743">
     <span class='ocr_line' id='line_1_21' title="bbox 956 3429 2232 3543; baseline 0.006 -34"><span class='ocrx_word' id='word_1_154' title='bbox 956 3429 1050 3539; x_wconf 67' lang='lat' dir='ltr'>Qec</span> <span class='ocrx_word' id='word_1_155' title='bbox 1075 3461 1153 3511; x_wconf 86' lang='lat' dir='ltr'>cum</span> <span class='ocrx_word' id='word_1_156' title='bbox 1176 3434 1566 3536; x_wconf 72' lang='lat' dir='ltr'>praescitutsetbutilinus</span> <span class='ocrx_word' id='word_1_157' title='bbox 1591 3442 1793 3519; x_wconf 85' lang='lat' dir='ltr'>Francorum</span> <span class='ocrx_word' id='word_1_158' title='bbox 1819 3432 1915 3522; x_wconf 84' lang='lat' dir='ltr'>dux,</span> <span class='ocrx_word' id='word_1_159' title='bbox 1942 3440 1978 3510; x_wconf 87' lang='lat' dir='ltr'>in</span> <span class='ocrx_word' id='word_1_160' title='bbox 1991 3442 2126 3543; x_wconf 82' lang='lat' dir='ltr'>Amplti·</span> <span class='ocrx_word' id='word_1_161' title='bbox 2231 3458 2232 3461; x_wconf 76' lang='grc'>’</span> 
     </span>
     <span class='ocr_line' id='line_1_22' title="bbox 846 3533 2126 3641; baseline 0.009 -35"><span class='ocrx_word' id='word_1_162' title='bbox 846 3533 977 3609; x_wconf 86' lang='lat' dir='ltr'>theatro</span> <span class='ocrx_word' id='word_1_163' title='bbox 1004 3535 1150 3635; x_wconf 89' lang='lat' dir='ltr'>quodam</span> <span class='ocrx_word' id='word_1_164' title='bbox 1180 3548 1254 3612; x_wconf 88' lang='lat' dir='ltr'>nou</span> <span class='ocrx_word' id='word_1_165' title='bbox 1277 3538 1394 3641; x_wconf 93' lang='lat' dir='ltr'>procul</span> <span class='ocrx_word' id='word_1_166' title='bbox 1420 3540 1459 3611; x_wconf 89' lang='lat' dir='ltr'>ab</span> <span class='ocrx_word' id='word_1_167' title='bbox 1485 3540 1562 3613; x_wconf 90' lang='lat' dir='ltr'>vrbe</span> <span class='ocrx_word' id='word_1_168' title='bbox 1587 3545 1747 3615; x_wconf 74' lang='lat' dir='ltr'>eretto-</span> <span class='ocrx_word' id='word_1_169' title='bbox 1760 3540 1919 3615; x_wconf 71' lang='lat' dir='ltr'>ductum</span> <span class='ocrx_word' id='word_1_170' title='bbox 1946 3566 1965 3611; x_wconf 89' lang='lat' dir='ltr'>e</span> <span class='ocrx_word' id='word_1_171' title='bbox 1991 3536 2052 3615; x_wconf 84' lang='lat' dir='ltr'>suis</span> <span class='ocrx_word' id='word_1_172' title='bbox 2077 3570 2126 3619; x_wconf 88' lang='lat' dir='ltr'>cn·</span> 
     </span>
     <span class='ocr_line' id='line_1_23' title="bbox 844 3636 2124 3743; baseline 0.008 -35"><span class='ocrx_word' id='word_1_173' title='bbox 844 3638 906 3735; x_wconf 83' lang='lat' dir='ltr'>piis</span> <span class='ocrx_word' id='word_1_174' title='bbox 930 3636 1136 3713; x_wconf 88' lang='lat' dir='ltr'>strenuorum</span> <span class='ocrx_word' id='word_1_175' title='bbox 1161 3644 1307 3713; x_wconf 90' lang='lat' dir='ltr'>maxime</span> <span class='ocrx_word' id='word_1_176' title='bbox 1332 3638 1709 3743; x_wconf 78' lang='lat' dir='ltr'>bellicosissuuorumque</span> <span class='ocrx_word' id='word_1_177' title='bbox 1733 3644 1873 3717; x_wconf 89' lang='lat' dir='ltr'>militum</span> <span class='ocrx_word' id='word_1_178' title='bbox 1899 3667 2036 3717; x_wconf 83' lang='lat' dir='ltr'>uranum</span> <span class='ocrx_word' id='word_1_179' title='bbox 2072 3672 2124 3718; x_wconf 91' lang='lat' dir='ltr'>oc·</span> 
     </span>
    </p>
   </div>
   <div class='ocr_carea' id='block_1_12' title="bbox 674 3736 2125 3943">
    <p class='ocr_par' dir='ltr' id='par_1_12' title="bbox 674 3736 2125 3943">
     <span class='ocr_line' id='line_1_24' title="bbox 674 3736 2125 3847; baseline 0.006 -37"><span class='ocrx_word' id='word_1_180' title='bbox 674 3822 687 3829; x_wconf 48' lang='lat'>‚</span> <span class='ocrx_word' id='word_1_181' title='bbox 817 3736 999 3821; x_wconf 39' lang='lat' dir='ltr'>vulnus,</span> <span class='ocrx_word' id='word_1_182' title='bbox 1030 3744 1247 3841; x_wconf 81' lang='lat' dir='ltr'>maximisque</span> <span class='ocrx_word' id='word_1_183' title='bbox 1272 3738 1392 3815; x_wconf 79' lang='lat' dir='ltr'>insidiis</span> <span class='ocrx_word' id='word_1_184' title='bbox 1433 3739 1588 3841; x_wconf 77' lang='lat' dir='ltr'>dispositis</span> <span class='ocrx_word' id='word_1_185' title='bbox 1620 3742 1828 3825; x_wconf 65' lang='lat' dir='ltr'>obscurabat,</span> <span class='ocrx_word' id='word_1_186' title='bbox 1863 3738 2125 3847; x_wconf 67' lang='lat' dir='ltr'>exspedlabatque</span> 
     </span>
     <span class='ocr_line' id='line_1_25' title="bbox 787 3838 2123 3943; baseline 0.001 -28"><span class='ocrx_word' id='word_1_187' title='bbox 787 3910 791 3915; x_wconf 82' lang='grc'><strong>.</strong></span> <span class='ocrx_word' id='word_1_188' title='bbox 844 3840 891 3908; x_wconf 89' lang='lat' dir='ltr'>rei</span> <span class='ocrx_word' id='word_1_189' title='bbox 915 3838 997 3911; x_wconf 87' lang='lat' dir='ltr'>bene</span> <span class='ocrx_word' id='word_1_190' title='bbox 1028 3839 1192 3939; x_wconf 83' lang='lat' dir='ltr'>gerendae</span> <span class='ocrx_word' id='word_1_191' title='bbox 1216 3842 1435 3917; x_wconf 79' lang='lat' dir='ltr'>occasionem.</span> <span class='ocrx_word' id='word_1_192' title='bbox 1486 3843 1659 3943; x_wconf 84' lang='lat' dir='ltr'>Poslquam</span> <span class='ocrx_word' id='word_1_193' title='bbox 1685 3872 1764 3920; x_wconf 89' lang='lat' dir='ltr'>vero</span> <span class='ocrx_word' id='word_1_194' title='bbox 1791 3842 1928 3919; x_wconf 79' lang='lat' dir='ltr'>Fulcaris</span> <span class='ocrx_word' id='word_1_195' title='bbox 1953 3866 1986 3917; x_wconf 87' lang='lat' dir='ltr'>et</span> <span class='ocrx_word' id='word_1_196' title='bbox 2011 3847 2123 3941; x_wconf 82' lang='lat' dir='ltr'>Hemli</span> 
     </span>
    </p>
   </div>
   <div class='ocr_carea' id='block_1_13' title="bbox 738 4166 800 4243">
    <p class='ocr_par' dir='ltr' id='par_1_13' title="bbox 738 4166 800 4243">
     <span class='ocr_line' id='line_1_26' title="bbox 738 4166 800 4243; baseline 0 -25"><span class='ocrx_word' id='word_1_197' title='bbox 738 4166 800 4243; x_wconf 72' lang='grc'>44.</span> 
     </span>
    </p>
   </div>
   <div class='ocr_carea' id='block_1_14' title="bbox 841 3940 2230 4557">
    <p class='ocr_par' dir='ltr' id='par_1_14' title="bbox 841 3940 2230 4557">
     <span class='ocr_line' id='line_1_27' title="bbox 844 3940 2122 4047; baseline 0.006 -36"><span class='ocrx_word' id='word_1_198' title='bbox 844 3940 911 4011; x_wconf 78' lang='lat' dir='ltr'>ium</span> <span class='ocrx_word' id='word_1_199' title='bbox 935 3947 1018 4013; x_wconf 76' lang='lat' dir='ltr'>iutra</span> <span class='ocrx_word' id='word_1_200' title='bbox 1043 3941 1162 4020; x_wconf 77' lang='lat' dir='ltr'>hostes,</span> <span class='ocrx_word' id='word_1_201' title='bbox 1177 3941 1278 4017; x_wconf 87' lang='lat' dir='ltr'>essent</span> <span class='ocrx_word' id='word_1_202' title='bbox 1304 3940 1485 4045; x_wconf 84' lang='lat' dir='ltr'>progreffi,</span> <span class='ocrx_word' id='word_1_203' title='bbox 1511 3962 1582 4017; x_wconf 89' lang='lat' dir='ltr'>turn</span> <span class='ocrx_word' id='word_1_204' title='bbox 1606 3945 1702 4047; x_wconf 87' lang='lat' dir='ltr'>figno</span> <span class='ocrx_word' id='word_1_205' title='bbox 1715 3945 1791 4021; x_wconf 90' lang='lat' dir='ltr'>dato</span> <span class='ocrx_word' id='word_1_206' title='bbox 1811 3966 2015 4043; x_wconf 88' lang='lat' dir='ltr'>erumpentes</span> <span class='ocrx_word' id='word_1_207' title='bbox 2028 3950 2122 4023; x_wconf 81' lang='lat' dir='ltr'>Fran-</span> 
     </span>
     <span class='ocr_line' id='line_1_28' title="bbox 843 4037 2121 4147; baseline 0.01 -37"><span class='ocrx_word' id='word_1_208' title='bbox 843 4042 898 4121; x_wconf 89' lang='lat' dir='ltr'>ci,</span> <span class='ocrx_word' id='word_1_209' title='bbox 924 4037 1202 4141; x_wconf 84' lang='lat' dir='ltr'>imprelfioneque</span> <span class='ocrx_word' id='word_1_210' title='bbox 1224 4048 1261 4116; x_wconf 89' lang='lat' dir='ltr'>in</span> <span class='ocrx_word' id='word_1_211' title='bbox 1285 4070 1360 4127; x_wconf 90' lang='lat' dir='ltr'>eos,</span> <span class='ocrx_word' id='word_1_212' title='bbox 1384 4042 1566 4117; x_wconf 88' lang='lat' dir='ltr'>inordinate</span> <span class='ocrx_word' id='word_1_213' title='bbox 1583 4048 1823 4147; x_wconf 69' lang='lat' dir='ltr'>negletfiimque</span> <span class='ocrx_word' id='word_1_214' title='bbox 1851 4064 1982 4128; x_wconf 87' lang='lat' dir='ltr'>euntes,</span> <span class='ocrx_word' id='word_1_215' title='bbox 1997 4046 2121 4122; x_wconf 87' lang='lat' dir='ltr'>conser-</span> 
     </span>
     <span class='ocr_line' id='line_1_29' title="bbox 842 4136 2122 4249; baseline 0.008 -38"><span class='ocrx_word' id='word_1_216' title='bbox 842 4147 903 4211; x_wconf 87' lang='lat' dir='ltr'>tim</span> <span class='ocrx_word' id='word_1_217' title='bbox 925 4136 1036 4223; x_wconf 70' lang='lat' dir='ltr'>sada,</span> <span class='ocrx_word' id='word_1_218' title='bbox 1062 4143 1177 4215; x_wconf 84' lang='lat' dir='ltr'>obuios</span> <span class='ocrx_word' id='word_1_219' title='bbox 1225 4141 1385 4217; x_wconf 89' lang='lat' dir='ltr'>romiscue</span> <span class='ocrx_word' id='word_1_220' title='bbox 1411 4170 1527 4216; x_wconf 89' lang='lat' dir='ltr'>omues</span> <span class='ocrx_word' id='word_1_221' title='bbox 1555 4146 1667 4246; x_wconf 85' lang='lat' dir='ltr'>gladiis</span> <span class='ocrx_word' id='word_1_222' title='bbox 1698 4146 1921 4236; x_wconf 82' lang='lat' dir='ltr'>trucidabant3</span> <span class='ocrx_word' id='word_1_223' title='bbox 1956 4157 2122 4249; x_wconf 80' lang='lat' dir='ltr'>repentina</span> 
     </span>
     <span class='ocr_line' id='line_1_30' title="bbox 841 4170 2119 4351; baseline 0.01 -40"><span class='ocrx_word' id='word_1_224' title='bbox 841 4238 1052 4339; x_wconf 78' lang='lat' dir='ltr'>impressione</span> <span class='ocrx_word' id='word_1_225' title='bbox 1076 4170 1262 4339; x_wconf 67' lang='lat' dir='ltr'>percullbs,</span> <span class='ocrx_word' id='word_1_226' title='bbox 1287 4265 1382 4345; x_wconf 89' lang='lat' dir='ltr'>atque</span> <span class='ocrx_word' id='word_1_227' title='bbox 1406 4250 1576 4344; x_wconf 87' lang='lat' dir='ltr'>inopinato</span> <span class='ocrx_word' id='word_1_228' title='bbox 1602 4248 1755 4350; x_wconf 84' lang='lat' dir='ltr'>indagine</span> <span class='ocrx_word' id='word_1_229' title='bbox 1781 4250 1914 4323; x_wconf 73' lang='lat' dir='ltr'>cindos.</span> <span class='ocrx_word' id='word_1_230' title='bbox 1941 4276 2039 4351; x_wconf 89' lang='lat' dir='ltr'>aegre</span> <span class='ocrx_word' id='word_1_231' title='bbox 2071 4280 2119 4327; x_wconf 86' lang='lat' dir='ltr'>ve·</span> 
     </span>
     <span class='ocr_line' id='line_1_31' title="bbox 843 4340 2230 4450; baseline 0.01 -38"><span class='ocrx_word' id='word_1_232' title='bbox 843 4365 886 4413; x_wconf 88' lang='lat' dir='ltr'>ro</span> <span class='ocrx_word' id='word_1_233' title='bbox 910 4340 1164 4441; x_wconf 87' lang='lat' dir='ltr'>quamplurimi,</span> <span class='ocrx_word' id='word_1_234' title='bbox 1191 4342 1310 4418; x_wconf 88' lang='lat' dir='ltr'>conscii</span> <span class='ocrx_word' id='word_1_235' title='bbox 1339 4352 1402 4420; x_wconf 87' lang='lat' dir='ltr'>iam</span> <span class='ocrx_word' id='word_1_236' title='bbox 1430 4372 1498 4445; x_wconf 88' lang='lat' dir='ltr'>quo</span> <span class='ocrx_word' id='word_1_237' title='bbox 1524 4348 1599 4422; x_wconf 89' lang='lat' dir='ltr'>mali</span> <span class='ocrx_word' id='word_1_238' title='bbox 1634 4350 1813 4436; x_wconf 82' lang='lat' dir='ltr'>venissent,</span> <span class='ocrx_word' id='word_1_239' title='bbox 1847 4351 2030 4450; x_wconf 82' lang='lat' dir='ltr'>ignobilem</span> <span class='ocrx_word' id='word_1_240' title='bbox 2063 4376 2120 4427; x_wconf 90' lang='lat' dir='ltr'>tur·</span> <span class='ocrx_word' id='word_1_241' title='bbox 2229 4346 2230 4384; x_wconf 60' lang='lat'><em>³</em></span> 
     </span>
     <span class='ocr_line' id='line_1_32' title="bbox 842 4438 2153 4557; baseline 0.014 -47"><span class='ocrx_word' id='word_1_242' title='bbox 842 4439 1006 4544; x_wconf 85' lang='lat' dir='ltr'>pisstmam</span> <span class='ocrx_word' id='word_1_243' title='bbox 1029 4469 1071 4514; x_wconf 92' lang='lat' dir='ltr'>ue</span> <span class='ocrx_word' id='word_1_244' title='bbox 1100 4438 1234 4521; x_wconf 91' lang='lat' dir='ltr'>salutem</span> <span class='ocrx_word' id='word_1_245' title='bbox 1260 4445 1493 4547; x_wconf 82' lang='lat' dir='ltr'>quaesiueruut.</span> <span class='ocrx_word' id='word_1_246' title='bbox 1544 4453 1658 4557; x_wconf 88' lang='lat' dir='ltr'>Terga</span> <span class='ocrx_word' id='word_1_247' title='bbox 1685 4460 1774 4527; x_wconf 89' lang='lat' dir='ltr'>enim</span> <span class='ocrx_word' id='word_1_248' title='bbox 1799 4452 1944 4527; x_wconf 83' lang='lat' dir='ltr'>lrollibus</span> <span class='ocrx_word' id='word_1_249' title='bbox 1967 4464 2153 4542; x_wconf 60' lang='lat' dir='ltr'>vertentes]</span> 
     </span>
    </p>
   </div>
   <div class='ocr_carea' id='block_1_15' title="bbox 837 4541 2120 4743">
    <p class='ocr_par' dir='ltr' id='par_1_15' title="bbox 837 4541 2120 4743">
     <span class='ocr_line' id='line_1_33' title="bbox 840 4541 2120 4648; baseline 0.016 -35"><span class='ocrx_word' id='word_1_250' title='bbox 840 4547 990 4615; x_wconf 88' lang='lat' dir='ltr'>eoncita&#39;</span> <span class='ocrx_word' id='word_1_251' title='bbox 1065 4570 1088 4617; x_wconf 94' lang='lat'><strong>0</strong></span> <span class='ocrx_word' id='word_1_252' title='bbox 1112 4541 1203 4619; x_wconf 86' lang='lat' dir='ltr'>eursu</span> <span class='ocrx_word' id='word_1_253' title='bbox 1229 4542 1408 4648; x_wconf 82' lang='lat' dir='ltr'>sugerunt3</span> <span class='ocrx_word' id='word_1_254' title='bbox 1443 4556 1550 4627; x_wconf 89' lang='lat' dir='ltr'>omnis</span> <span class='ocrx_word' id='word_1_255' title='bbox 1574 4574 1607 4629; x_wconf 91' lang='lat' dir='ltr'>et</span> <span class='ocrx_word' id='word_1_256' title='bbox 1633 4557 1760 4633; x_wconf 86' lang='lat' dir='ltr'>bellicae</span> <span class='ocrx_word' id='word_1_257' title='bbox 1785 4558 1907 4633; x_wconf 81' lang='lat' dir='ltr'>virtutis</span> <span class='ocrx_word' id='word_1_258' title='bbox 1939 4575 1973 4629; x_wconf 89' lang='lat' dir='ltr'>et</span> <span class='ocrx_word' id='word_1_259' title='bbox 1997 4554 2120 4633; x_wconf 84' lang='lat' dir='ltr'>diutur-</span> 
     </span>
     <span class='ocr_line' id='line_1_34' title="bbox 837 4641 1859 4743; baseline 0.012 -25"><span class='ocrx_word' id='word_1_260' title='bbox 837 4668 900 4718; x_wconf 84' lang='lat' dir='ltr'>nae</span> <span class='ocrx_word' id='word_1_261' title='bbox 924 4641 1147 4743; x_wconf 87' lang='lat' dir='ltr'>periculorum</span> <span class='ocrx_word' id='word_1_262' title='bbox 1173 4654 1408 4725; x_wconf 82' lang='lat' dir='ltr'>exercitationis</span> <span class='ocrx_word' id='word_1_263' title='bbox 1435 4650 1534 4726; x_wconf 88' lang='lat' dir='ltr'>obliti.</span> <span class='ocrx_word' id='word_1_264' title='bbox 1855 4662 1859 4671; x_wconf 85' lang='lat'>&#39;</span> 
     </span>
    </p>
   </div>
   <div class='ocr_carea' id='block_1_16' title="bbox 835 4756 2229 5364">
    <p class='ocr_par' dir='ltr' id='par_1_16' title="bbox 835 4756 2229 5203">
     <span class='ocr_line' id='line_1_35' title="bbox 941 4756 2229 4881; baseline 0.009 -40"><span class='ocrx_word' id='word_1_265' title='bbox 941 4772 988 4841; x_wconf 89' lang='lat' dir='ltr'>Ita</span> <span class='ocrx_word' id='word_1_266' title='bbox 1014 4798 1095 4846; x_wconf 83' lang='lat' dir='ltr'>vero</span> <span class='ocrx_word' id='word_1_267' title='bbox 1122 4768 1549 4861; x_wconf 75' lang='lat' dir='ltr'>firso&#39;exeroitu,1·&#39;ulca1·is</span> <span class='ocrx_word' id='word_1_268' title='bbox 1576 4756 1782 4858; x_wconf 85' lang='lat' dir='ltr'>Herulortun</span> <span class='ocrx_word' id='word_1_269' title='bbox 1807 4778 2011 4881; x_wconf 65' lang='lat' dir='ltr'>praefectus,</span> <span class='ocrx_word' id='word_1_270' title='bbox 2034 4778 2114 4857; x_wconf 86' lang='lat' dir='ltr'>solus</span> <span class='ocrx_word' id='word_1_271' title='bbox 2228 4756 2229 4842; x_wconf 71' lang='lat' dir='ltr'>l</span> 
     </span>
     <span class='ocr_line' id='line_1_36' title="bbox 838 4864 2115 4985; baseline 0.015 -49"><span class='ocrx_word' id='word_1_272' title='bbox 838 4888 917 4938; x_wconf 87' lang='lat' dir='ltr'>eum</span> <span class='ocrx_word' id='word_1_273' title='bbox 941 4864 1085 4946; x_wconf 87' lang='lat' dir='ltr'>satellitio</span> <span class='ocrx_word' id='word_1_274' title='bbox 1110 4870 1169 4949; x_wconf 92' lang='lat' dir='ltr'>suo</span> <span class='ocrx_word' id='word_1_275' title='bbox 1193 4872 1346 4961; x_wconf 77' lang='lat' dir='ltr'>relidus,</span> <span class='ocrx_word' id='word_1_276' title='bbox 1385 4906 1591 4980; x_wconf 89' lang='lat' dir='ltr'>nequaquam</span> <span class='ocrx_word' id='word_1_277' title='bbox 1616 4881 1696 4970; x_wconf 81' lang='lat' dir='ltr'>fibi,</span> <span class='ocrx_word' id='word_1_278' title='bbox 1740 4904 1774 4956; x_wconf 94' lang='lat' dir='ltr'>vt</span> <span class='ocrx_word' id='word_1_279' title='bbox 1797 4883 1885 4967; x_wconf 87' lang='lat' dir='ltr'>aliis,</span> <span class='ocrx_word' id='word_1_280' title='bbox 1922 4877 2115 4985; x_wconf 82' lang='lat' dir='ltr'>fugiendum</span> 
     </span>
     <span class='ocr_line' id='line_1_37' title="bbox 836 4968 2120 5087; baseline 0.017 -51"><span class='ocrx_word' id='word_1_281' title='bbox 836 4968 987 5063; x_wconf 79' lang='lat' dir='ltr'>putabat:</span> <span class='ocrx_word' id='word_1_282' title='bbox 1001 4975 1203 5085; x_wconf 12' lang='lat' dir='ltr'>*praeclarius</span> <span class='ocrx_word' id='word_1_283' title='bbox 1228 4974 1393 5054; x_wconf 71' lang='lat' dir='ltr'>saihnum</span> <span class='ocrx_word' id='word_1_284' title='bbox 1419 4976 1455 5055; x_wconf 91' lang='lat' dir='ltr'>se</span> <span class='ocrx_word' id='word_1_285' title='bbox 1475 5001 1580 5065; x_wconf 81' lang='lat' dir='ltr'>ratus,</span> <span class='ocrx_word' id='word_1_286' title='bbox 1618 4982 1643 5057; x_wconf 86' lang='lat' dir='ltr'>fi</span> <span class='ocrx_word' id='word_1_287' title='bbox 1667 4978 1807 5087; x_wconf 90' lang='lat' dir='ltr'>gloriosa</span> <span class='ocrx_word' id='word_1_288' title='bbox 1841 5003 1950 5060; x_wconf 90' lang='lat' dir='ltr'>morte</span> <span class='ocrx_word' id='word_1_289' title='bbox 1985 4986 2120 5058; x_wconf 69' lang='lat' dir='ltr'>orcum·-</span> 
     </span>
     <span class='ocr_line' id='line_1_38' title="bbox 835 5064 2228 5203; baseline 0.004 -50"><span class='ocrx_word' id='word_1_290' title='bbox 835 5064 947 5153; x_wconf 87' lang='lat' dir='ltr'>beret,</span> <span class='ocrx_word' id='word_1_291' title='bbox 978 5098 1085 5201; x_wconf 28' lang='lat' dir='ltr'>quam.</span> <span class='ocrx_word' id='word_1_292' title='bbox 1107 5100 1228 5175; x_wconf 78' lang='lat' dir='ltr'>pamm</span> <span class='ocrx_word' id='word_1_293' title='bbox 1260 5080 1423 5181; x_wconf 87' lang='lat' dir='ltr'>generose</span> <span class='ocrx_word' id='word_1_294' title='bbox 1448 5074 1678 5185; x_wconf 81' lang='lat' dir='ltr'>supeunueret.</span> <span class='ocrx_word' id='word_1_295' title='bbox 1705 5080 1842 5161; x_wconf 85' lang='lat' dir='ltr'>substitit·</span> <span class='ocrx_word' id='word_1_296' title='bbox 1871 5093 1986 5187; x_wconf 87' lang='lat' dir='ltr'>itaque·</span> <span class='ocrx_word' id='word_1_297' title='bbox 2018 5112 2115 5203; x_wconf 71' lang='lat' dir='ltr'>quarn</span> <span class='ocrx_word' id='word_1_298' title='bbox 2227 5164 2228 5183; x_wconf 13' lang='grc' dir='ltr'>χ</span> 
     </span>
    </p>

    <p class='ocr_par' dir='ltr' id='par_1_17' title="bbox 877 5206 2114 5364">
     <span class='ocr_line' id='line_1_39' title="bbox 877 5206 2114 5364; baseline 0.008 -27"><span class='ocrx_word' id='word_1_299' title='bbox 877 5289 927 5349; x_wconf 76' lang='lat' dir='ltr'>u·</span> <span class='ocrx_word' id='word_1_300' title='bbox 948 5269 1070 5340; x_wconf 78' lang='lat' dir='ltr'>rama</span> <span class='ocrx_word' id='word_1_301' title='bbox 1093 5294 1125 5364; x_wconf 70' lang='lat' dir='ltr'>p.</span> <span class='ocrx_word' id='word_1_302' title='bbox 1147 5281 1194 5343; x_wconf 66' lang='grc' dir='ltr'>ιε.</span> <span class='ocrx_word' id='word_1_303' title='bbox 2008 5206 2114 5291; x_wconf 60' lang='lat' dir='ltr'>90³⁰st</span> 
     </span>
    </p>
   </div>
   <div class='ocr_carea' id='block_1_17' title="bbox 0 0 2464 6992">
    <p class='ocr_par' dir='ltr' id='par_1_18' title="bbox 0 0 2464 6992">
     <span class='ocr_line' id='line_1_40' title="bbox 0 0 2464 6992; baseline 0 11"><span class='ocrx_word' id='word_1_304' title='bbox 0 0 2464 6992; x_wconf 95' lang='lat' dir='ltr'> </span> 
     </span>
    </p>
   </div>
  </div>
 </body>
</html>
