4917 6992
593 1415 712 1468 Nlnno
733 1404 760 1474 L

661 1568 770 1677 1174
828 1567 837 1591 ⁸

713 1272 717 1288 .
809 1226 871 1297 180
1050 1218 1053 1223 ’
1217 1198 1652 1314 GOTHICORVM

551 1334 555 1341 ·
595 1282 799 1397 Iianvsrt-

1337 1405 1430 1475 aC
1456 1426 1528 1496 540.

911 1512 1103 1618 ‘belisarius
1124 1518 1241 1595 flustra
1266 1518 1423 1607 idoneas,
1452 1552 1509 1597 cur
1533 1546 1648 1623 pacem
1673 1518 1846 1621 repudiet
1878 1514 1980 1605 causae
2008 1515 2091 1595 affe·

804 1657 907 1711 rene,-
927 1658 945 1701 a
971 1626 1103 1701 ducibus
1125 1620 1222 1697 studii
1245 1652 1407 1697 nouarum
1440 1654 1551 1699 rerum
1590 1620 1775 1707 accusatur,
1803 1626 1851 1696 his
1889 1644 1979 1721 praet
1980 1650 2076 1707 crea,

806 1730 988 1833 postulante
1011 1727 1045 1801 id
1070 1722 1243 1809 Belisario
1267 1721 1300 1798 se
1325 1726 1410 1801 bello
1437 1725 1602 1803 vincendis
1638 1724 1781 1801 hostibus
1819 1731 1959 1826 impares
1977 1720 2047 1797 effe
2075 1776 2099 1809 .,

808 1833 922 1909 tabella
948 1825 1235 1906 declarantibus.

1378 1929 1407 2024 §.
1436 1951 1506 2019 239.

909 2061 1003 2125 Dum
1028 2054 1141 2126 haee
1131 2080 1167 2124 ιιι
1190 2057 1291 2127 Rom.
1317 2048 1421 2122 eastris
1434 2070 1595 2222 agunttftr
1620 2056 1741 2125 interea
1754 2054 1868 2126 Gotthi
1888 2049 1976 2123 fame
1990 2048 2089 2149 preffi

807 2152 964 2255 frastique
991 2160 1175 2236 aerumnis
1200 2158 1340 2253 Vitigis,
1366 2170 1539 2249 vtpotern
1506 2149 1731 2235 rnfeiicissimi,
1758 2154 1963 2227 dominatum
1982 2158 2090 2254 graui-

807 2279 857 2330 ter
881 2254 1047 2343 ferebaut3
1072 2252 1103 2328 se
1128 2277 1240 2327 tumen
1263 2259 1450 2371 imperatori
1469 2260 1653 2351 permittere
1666 2253 1869 2329 dubitabant:
1895 2258 1961 2327 hoc
1981 2280 2090 2338 vnum

807 2362 922 2441 veriti,
946 2384 1011 2439 ne,
1035 2358 1242 2457 postquam
1233 2384 1268 2427 tn
1293 2330 1526 2453 potestatern'
1499 2383 1563 2427 etus
1576 2352 1750 2441 veniffetrt
1777 2378 1857 2429 ext
1830 2362 1857 2429 lt
1858 2358 1915 2427 alia
1935 2360 2089 2455 migrare,

807 2480 849 2532 et
864 2462 1059 2555 Byzantium
1084 2457 1265 2555 deportati
1290 2459 1333 2527 ibi
1359 2482 1491 2527 manere
1516 2484 1616 2555 coget
1617 2477 1718 2531 entur
1770 2462 2000 2560 Qicunque
1991 2462 2091 2555 igitur

806 2565 890 2633 inter
916 2561 1059 2633 Gotthos
1083 2558 1254 2657 prudentia
1279 2578 1311 2630 et
1334 2558 1526 2630 authoritate
1550 2558 1736 2655 poliebant,
1762 2559 1802 2631 de
1831 2586 2001 2633 communi
1993 2532 2093 2633 sen

808 2669 907 2733 tentia
932 2660 1138 2733 stanternnt'
1129 2663 1304 2758 imperium
1339 2654 1497 2730 occident'
1477 2680 1513 2730 tn
1554 2658 1725 2734 decernere
1761 2657 1916 2734 Beiisario.
1969 2656 2024 2731 Ad
2051 2658 2102 2733 id

809 2757 1020 2844 submittunt,
1045 2768 1101 2859 qui
1125 2758 1230 2860 ipsum
1256 2780 1396 2865 rogent,
1423 2778 1457 2832 vt
1482 2757 1648 2861 eapeffat
1639 2769 1837 2865 imperitun:
1863 2759 1908 2835 id
1921 2758 1945 2833 fi
1965 2755 2091 2847 fecerit,

703 2944 708 2951 ,
810 2862 945 2938 libenter
969 2856 1001 2931 se
1026 2860 1085 2959 ipfi
1110 2858 1286 2935 aeceffcuos
1310 2856 1480 2933 affirmant.

938 2947 1151 3035 Reiisarius
1137 2994 1158 3035 a
1180 2958 1353 3071 tyrannide
1379 2960 1453 3033 iicet
1476 2960 1708 3047 attendimus
1735 2962 1896 3035 fiinuiauit
1921 2982 2030 3035 tamen
2056 2958 2091 3035 se

815 3069 941 3144 auribus
966 3062 1058 3138 facile
1083 3062 1274 3147 admittere
1302 3090 1385 3161 quae
1422 3086 1647 3195 proponerent
1685 3066 1831 3149 barbari,
1868 3062 1953 3143 dam
1991 3070 2091 3141 ettam

813 3161 916 3264 ipso
937 3184 973 3241 vt
995 3163 1030 3238 id
1052 3164 1194 3250 faceret,
1218 3166 1354 3271 instante
1381 3160 1540 3265 Vitige'.

1385 3352 1415 3447 ᾗ.
1441 3370 1519 3437 240.

937 3480 1111 3589 ‘belisarius
1134 3505 1193 3587 suo
1218 3518 1367 3616 vstigia,
1394 3516 1535 3587 Gotthos
1561 3533 1729 3615 totamque
1754 3512 1910 3589 Italiam
1900 3516 2091 3615 unpetatori

811 3608 1019 3701 subiiciendi,
1046 3644 1124 3689 cum
1148 3614 1280 3689 ducibus
1307 3621 1552 3689 communicato
1581 3616 1768 3700 consito
1794 3645 1876 3689 mox
1891 3617 2062 3717 quosdam
2070 3642 2103 3689 e

752 3810 756 3815 ,
813 3712 1020 3792 familiaribus
1042 3714 1103 3790 suis
1129 3715 1171 3788 ad
1196 3723 1324 3817 Vitigin
1349 3738 1381 3791 et
1406 3722 1607 3791 Gotthonun
1634 3744 1783 3817 proceres
1809 3718 1965 3801 destinat,
1999 3746 2092 3791 tnan·

814 3815 955 3919 datque,
980 3814 1134 3920 promiffa
1159 3818 1334 3893 enicet-‚ent
1384 3824 1473 3893 Cutn
1500 3844 1608 3893 autem
1635 3820 1736 3894 fames
1760 3846 1830 3892 tern
1858 3826 1892 3891 in
1920 3820 2005 3892 aliud
2030 3814 2091 3891 dif-

813 3916 899 3993 ferre
925 3942 1052 4017 ternpus
1076 3944 1147 3990 non
1172 3918 1309 4003 sineret,
1335 3914 1390 3991 sed
1415 3920 1637 4019 ingrauescens
1662 3921 1700 3993 ad
1728 3916 1759 3991 id
1786 3921 2099 4021 stitnularet31ega·

813 4038 865 4089 tos
889 4016 930 4089 ad
954 4025 1054 4092 Rom.
1080 4019 1211 4089 castra
1202 4041 1320 4090 netum
1346 4024 1500 4103 mittunt,
1525 4022 1621 4093 iussbs
1646 4012 1723 4095 nihii
1751 4021 1944 4095 multitudini
1957 4031 2091 4121 aperire,

811 4113 867 4191 sed
892 4124 1024 4191 remotis
1049 4121 1178 4191 arbitris
1195 4116 1297 4191 fidem
1324 4124 1467 4217 accipere
1493 4150 1511 4192 a
1537 4121 1706 4207 Beiilario
1747 4150 1822 4194 eutn
1851 4126 1929 4197 nihil
1955 4124 2078 4195 rnali
2069 4151 2092 4192 t-

811 4214 948 4317 psoruni
974 4224 1126 4318 cuiquam
1150 4226 1392 4341 irrogaturunt
1418 4240 1449 4301 et
1472 4222 1626 4298 Italorum
1643 4230 1723 4297 C
1675 4248 1710 4297 ot
1711 4225 1942 4325 thorumque
1934 4255 1966 4297 tn
1987 4224 2091 4323 posse·

812 4347 889 4392 rum
917 4316 1065 4393 funutun
1089 4347 1224 4421 regern:
1256 4326 1338 4395 his
1329 4342 1371 4395 tta
1397 4324 1608 4423 compostus,
1636 4331 1829 4428 Rauennam
1854 4356 1929 4399 cum
1956 4324 2024 4425 ipso
2051 4352 2089 4397 ac

815 4425 973 4497 Romano
1000 4428 1140 4498 exercitu
1167 4426 1285 4496 venire.

825 4576 832 4583 -
919 4530 1053 4596 Caetera
1078 4521 1238 4597 belisarius
1263 4530 1402 4597 omnino
1427 4529 1490 4609 ita,
1518 4524 1671 4625 vtlegati
1719 4525 1917 4608 ustulabant,
1943 4520 1974 4597 se
1999 4552 2088 4625 prae·

814 4618 963 4697 diturum
987 4632 1116 4697 iurauit:
1141 4623 1232 4724 qnod
1258 4623 1298 4696 ad
1323 4652 1474 4724 reguum
1488 4626 1659 4709 attinebat,
1684 4556 1716 4705 ΑΡ

813 4724 947 4797 thonun
974 4729 1192 4824 proceribus
1184 4724 1403 4799 uuiurandurn
1431 4726 1579 4800 daturum
1606 4728 1692 4803 dixit.
1733 4736 1799 4802 Hic
1828 4752 1897 4801 orat
1899 4757 1968 4801 ores
1980 4726 2085 4825 ipsunt

813 4843 873 4898 ran
908 4856 1078 4947 nunquam
1115 4828 1404 4927 repudiaturum
1394 4835 1592 4925 imperium,
1632 4850 1664 4901 at
1700 4828 1731 4903 id
1759 4838 1902 4903 ιιιιιιιιιι
1935 4837 2086 4907 οιιιιιιιιιιι

814 4924 1072 5031 concupiscere
1089 4933 1284 5015 hortatae,
1312 4950 1346 5003 vt
1368 4922 1479 5003 secutn
1503 4958 1522 5003 e
1546 4929 1680 5032 vestigio
1693 4936 1914 5009 Rauennam
1904 4950 2009 5006 intret

1958 5035 1989 5132 §‚v
2013 5054 2095 5121 242.

858 5214 983 5297 174.1d.
1006 5213 1079 5278 ibid
1103 5232 1132 5298 p
1154 5231 1217 5293 459·
1262 5214 1530 5298 175.1d.1bn.p
1553 5222 1623 5290 460.
1689 5247 1695 5261 =

1742 4633 1924 4729 Vitigir
1867 4626 1925 4725 {pti
1951 4650 1983 4699 et
2007 4632 2096 4702 Gor·-
