4917 6992
745 1126 748 1134 ’
823 1121 887 1272 ,a
1235 1171 1678 1248 uvuurcortvu
1798 1183 1801 1188 ·

612 1275 814 1362 hnpfrrrno.

612 1379 718 1428 norro
750 1365 778 1425 11

1365 1400 1400 1450 a
1426 1377 1465 1446 C·
1490 1334 1592 1471 tto,
1684 1435 1689 1441 -

750 1550 761 1560 .,
818 1489 872 1562 vti
896 1511 1037 1567 omnes,
1065 1480 1173 1586 quoad
1199 1478 1268 1556 satis
1293 1481 1393 1570 esser,
1419 1479 1655 1566 comedissent,
1680 1476 1812 1565 modo,
1838 1501 1908 1578 quo
1932 1477 2052 1583 supra,
2074 1487 2117 1556 iu

817 1585 918 1729 pedqe
942 1587 1065 1670 erecti,
1091 1587 1208 1660 ebibito
1235 1583 1354 1672 calice,
1379 1584 1467 1661 sedes
1493 1585 1615 1660 nollras
1637 1585 1857 1683 repetiuimus·

1414 1786 1445 1882 t
1470 1790 1521 1874 63.

931 1947 1136 2024 Adueniente
1162 1941 1316 2048 vespere,
1341 1946 1466 2023 sublatis
1493 1945 1621 2048 epulis,
1650 1941 1717 2018 duo
1743 1945 1803 2018 viri
1828 1944 1971 2037 Scythae
1997 1974 2117 2022 coram

820 2050 918 2128 Attila
944 2047 1157 2152 prodierunt,
1191 2069 1222 2124 et
1250 2047 1355 2124 versus
1380 2079 1398 2124 a
1422 2045 1454 2123 se
1477 2045 1607 2130 fadlos,
1645 2048 1759 2148 quibus
1795 2047 1862 2118 eius
1885 2049 2054 2141 ,villerias
2079 2069 2118 2123 et

821 2153 947 2228 bellicas
972 2156 1101 2225 virtutes
1119 2153 1305 2236 canebant,
1331 2158 1515 2226 recitantur.
1566 2155 1604 2223 In
1630 2174 1713 2250 quos
1738 2151 1899 2220 conruuae
1924 2149 2025 2225 oculis
2045 2151 2120 2227 vul-

821 2276 936 2354 tusque
963 2249 1155 2325 defixerunt.
1207 2257 1250 2325 Et
1275 2253 1327 2326 alii
1353 2251 1488 2354 quidem
1514 2251 1655 2326 versibus
1679 2247 1944 2347 deledtahantur,
1968 2253 2034 2326 aliis
2052 2253 2117 2330 bel.

822 2353 933 2429 lorum
960 2351 1140 2426 recordatio
1179 2357 1307 2426 animos
1339 2351 1569 2436 exsuscitabat,
1609 2353 1674 2424 aliis
1717 2350 1891 2422 manabant
1923 2349 2116 2450 lacrymae,

825 2481 969 2556 quorum
993 2475 1076 2526 aetas
1102 2447 1216 2526 affedla
1241 2453 1423 2530 reddiderat
1448 2455 1568 2552 corpus
1593 2447 1752 2528 effoetum
1776 2471 1809 2523 et
1821 2449 2047 2539 inbecillum,
2071 2481 2116 2528 ex

823 2585 891 2658 quo
920 2581 1037 2628 eorum
1063 2551 1231 2654 pugnandi
1257 2554 1355 2631 ardor
1379 2578 1412 2630 et
1437 2553 1592 2654 cupiditas
1617 2548 1777 2654 quiescere
1802 2551 1988 2652 cogebatur.
2039 2555 2117 2632 rost

822 2677 933 2732 cantus
958 2676 990 2729 et
1014 2661 1156 2728 carmina
1181 2658 1325 2748 Scytha,
1357 2653 1465 2730 nescio
1492 2660 1584 2756 quis,
1617 2675 1729 2730 mente
1755 2674 1888 2754 captus,
1922 2651 2058 2732 absurda
2081 2676 2117 2732 et

847 2751 1032 2857 rodigiosa,
1073 2782 1136 2829 nec
1161 2748 1227 2828 sani
1261 2755 1365 2832 senfin
1399 2763 1575 2858 quicquam
1598 2759 1784 2858 praebentia
1807 2750 1959 2834 resonans
1999 2779 2034 2834 et
2061 2755 2118 2836 de·

877 2879 1001 2943 terant,
1023 2851 1123 2935 risum
1149 2861 1302 2935 omnibus
1327 2864 1520 2934 commouit.

1408 3063 1440 3162 q.
1465 3066 1522 3150 64.

931 3222 1100 3301 Postremo
1115 3226 1271 3302 Zerchon
1289 3223 1472 3300 Maurusius
1496 3227 1651 3298 introiuit
1700 3219 1838 3297 Edecon
1865 3229 1954 3300 enim
1978 3223 2025 3298 illi
2045 3250 2120 3324 per.

829 3319 987 3408 suaserat,
1013 3347 1047 3402 vt
1071 3325 1113 3399 ad
1138 3324 1273 3402 Attilam
1299 3332 1443 3412 veniret,
1472 3353 1610 3401 omnem
1630 3349 1773 3423 operam
1799 3345 1831 3399 et
1854 3324 2000 3400 studium
2024 3327 2120 3426 polli-

829 3430 930 3508 citus,
955 3451 1023 3528 quo
1050 3454 1190 3502 uxorem
1214 3449 1425 3526 recuperaret
1476 3433 1574 3502 Hanc
1599 3430 1689 3499 enim
1715 3453 1793 3498 cum
1817 3423 1863 3500 illi
1886 3424 1985 3502 Bleda
2014 3425 2119 3502 stude·

773 3527 779 3539 ’
828 3546 900 3612 ret,
926 3533 962 3599 in
988 3527 1196 3602 barbarorum
1219 3533 1356 3700 qsqgione
1379 3549 1569 3630 acceperat,
1596 3554 1695 3628 quam
1720 3531 1755 3599 in
1779 3531 1936 3623 Scythia,
1960 3531 2001 3603 ab
2021 3530 2120 3604 Attila

737 3761 744 3768 ·
828 3731 904 3830 quia
929 3730 1039 3804 attilas
1063 3729 1107 3804 illi
1131 3726 1328 3816 succensuit,
1355 3731 1447 3834 quod
1472 3729 1515 3805 ad
1541 3726 1595 3803 sua
1621 3736 1759 3905 remipra

827 3625 871 3700 ad
896 3632 1028 3702 Aetium
1068 3627 1160 3704 dono
1186 3633 1232 3702 ιη’
1260 3656 1318 3711 us,
1355 3631 1532 3732 reliquerat
1585 3625 1650 3703 Sed
1689 3631 1752 3700 hac
1760 3625 1830 3803 s{pe
1861 3629 2027 3705 frustratus
2051 3632 2117 3720 esi,

1785 3750 1826 3804 et.
1879 3737 1991 3832 Itaque
2016 3757 2119 3821 tunc,

830 3853 957 3930 arrepta
982 3828 1380 3920 felliuitatiroccalione,
1428 3829 1612 3935 rogress'riS,
1651 3851 1683 3903 et
1723 3859 1839 3915 orma,
1865 3854 1898 3907 et
1922 3835 2057 3921 habitu,
2087 3859 2121 3911 et

744 4617 803 4690 40·
817 4629 822 4638 '

826 3937 1118 4032 pronuntiatione,
1146 3951 1179 4006 et
1204 3935 1306 4008 verbis
1332 3863 1466 4010 conlisa
1492 3936 1531 4006 ab
1565 3959 1606 4004 eo
1630 3931 1785 4030 prolatis,
1819 3931 1926 4007 modo
1960 3931 2122 4011 Ausonio·

828 4037 974 4117 tumel,
1000 4031 1106 4107 modo
1135 4039 1342 4122 Gothorum,
1366 4034 1471 4110 modo
1499 4039 1703 4108 Hunnorum
1729 4033 1876 4136 linguam
1890 4035 2123 4124 intermiscens,

830 4157 947 4206 omnes
971 4131 1086 4206 laetitia
1118 4154 1150 4207 et
1175 4135 1330 4208 hilaritate
1361 4132 1513 4219 diffudit,
1551 4154 1584 4207 et
1609 4128 1743 4222 effecit,
1784 4156 1820 4211 vt
1841 4141 1876 4211 in
1900 4135 2024 4227 risum,
2064 4146 2123 4244 qui

820 4227 933 4306 'sedari
960 4251 993 4306 et
1016 4237 1160 4334 extingui
1184 4261 1256 4310 non
1279 4254 1430 4338 poterat,
1454 4255 1717 4340 prorumperent

1421 4439 1452 4538 t
1477 4443 1527 4532 ⁶5.

942 4580 1014 4673 Sed
1031 4597 1143 4674 Attilae
1169 4595 1297 4703 semper·
1319 4600 1440 4678 eodem
1464 4602 1577 4688 inlu,
1607 4607 1715 4677 omnir
1739 4607 1927 4679 mutationis
1949 4633 2065 4708 expett
2092 4627 2126 4682 et

840 4701 998 4782 immotus¹
1025 4701 1223 4824 permansit,
1248 4731 1356 4806 neque
1381 4709 1558 4806 quicquam
1581 4699 1712 4788 facere,
1737 4726 1793 4780 aut
1817 4703 1947 4792 dicere,
1971 4709 2065 4810 quod
2078 4713 2127 4784 io·

838 4826 916 4875 cum
941 4821 996 4878 aut
1017 4805 1210 4900 hilaritatem
1239 4833 1317 4909 prae
1354 4801 1535 4894 seferret,
1575 4800 1766 4906 conspectus
1791 4807 1859 4901 ell3
1896 4831 2126 4912 praeterquam

2031 4923 2124 5029 quod
2242 4990 2243 4995 ,

874 5104 929 5194 a)
947 5093 1022 5179 Vide
1038 5135 1114 5197 quae
1133 5120 1164 5180 in
1176 5119 1253 5180 hunc
1269 5117 1369 5186 locum
1384 5141 1466 5186 rottr-
1545 5139 1597 5197 40.
1620 5101 1767 5187 Paltcvs
1791 5140 1821 5208 p.
1846 5129 1892 5196 ct.

844 5221 991 5270 mentatur
1015 5207 1088 5278 any
1112 5224 1215 5290 p.135.
