<?xml version="1.0" encoding="UTF-8"?>
<!DOCTYPE html PUBLIC "-//W3C//DTD XHTML 1.0 Transitional//EN"
    "http://www.w3.org/TR/xhtml1/DTD/xhtml1-transitional.dtd">
<html xmlns="http://www.w3.org/1999/xhtml" xml:lang="en" lang="en">
 <head>
  <title>
</title>
<meta http-equiv="Content-Type" content="text/html;charset=utf-8" />
  <meta name='ocr-system' content='tesseract 3.04.00' />
  <meta name='ocr-capabilities' content='ocr_page ocr_carea ocr_par ocr_line ocrx_word'/>
</head>
<body>
  <div class='ocr_page' id='page_1' title='image "./memoriaepopulor02strigoog_0221.png"; bbox 0 0 4917 6992; ppageno 0'>
   <div class='ocr_carea' id='block_1_1' title="bbox 835 1256 1635 1381">
    <p class='ocr_par' dir='ltr' id='par_1_1' title="bbox 835 1256 1635 1381">
     <span class='ocr_line' id='line_1_1' title="bbox 835 1256 1635 1381; baseline -0.009 -50"><span class='ocrx_word' id='word_1_1' title='bbox 835 1256 1142 1369; x_wconf 76' lang='lat' dir='ltr'>caturuu.</span> <span class='ocrx_word' id='word_1_2' title='bbox 1388 1268 1401 1381; x_wconf 21' lang='grc' dir='ltr'><em>ᾗ</em></span> <span class='ocrx_word' id='word_1_3' title='bbox 1584 1292 1635 1363; x_wconf 73' lang='lat'>„5</span> 
     </span>
    </p>
   </div>
   <div class='ocr_carea' id='block_1_2' title="bbox 349 1458 1631 1879">
    <p class='ocr_par' dir='ltr' id='par_1_2' title="bbox 349 1458 1631 1879">
     <span class='ocr_line' id='line_1_2' title="bbox 673 1458 1087 1555; baseline -0.005 -22"><span class='ocrx_word' id='word_1_4' title='bbox 673 1528 677 1533; x_wconf 77' lang='grc'>,</span> <span class='ocrx_word' id='word_1_5' title='bbox 904 1482 931 1529; x_wconf 86' lang='lat' dir='ltr'>a.</span> <span class='ocrx_word' id='word_1_6' title='bbox 956 1458 994 1532; x_wconf 91' lang='lat' dir='ltr'>C.</span> <span class='ocrx_word' id='word_1_7' title='bbox 1020 1482 1087 1555; x_wconf 85' lang='lat'>539.</span> 
     </span>
     <span class='ocr_line' id='line_1_3' title="bbox 354 1567 1629 1677; baseline 0.008 -30"><span class='ocrx_word' id='word_1_8' title='bbox 354 1592 438 1648; x_wconf 78' lang='lat' dir='ltr'>reat</span> <span class='ocrx_word' id='word_1_9' title='bbox 491 1570 590 1645; x_wconf 90' lang='lat' dir='ltr'>Turn</span> <span class='ocrx_word' id='word_1_10' title='bbox 629 1567 671 1644; x_wconf 78' lang='lat' dir='ltr'>ad</span> <span class='ocrx_word' id='word_1_11' title='bbox 700 1574 806 1644; x_wconf 83' lang='lat' dir='ltr'>Vacin</span> <span class='ocrx_word' id='word_1_12' title='bbox 842 1574 1134 1671; x_wconf 78' lang='lat' dir='ltr'>Langobardorum</span> <span class='ocrx_word' id='word_1_13' title='bbox 1171 1601 1282 1675; x_wconf 84' lang='lat' dir='ltr'>regern</span> <span class='ocrx_word' id='word_1_14' title='bbox 1321 1578 1482 1677; x_wconf 85' lang='lat' dir='ltr'>legatione</span> <span class='ocrx_word' id='word_1_15' title='bbox 1518 1582 1629 1669; x_wconf 74' lang='lat' dir='ltr'>miss&#39;a,</span> 
     </span>
     <span class='ocr_line' id='line_1_4' title="bbox 351 1668 1631 1775; baseline 0.01 -33"><span class='ocrx_word' id='word_1_16' title='bbox 351 1668 539 1775; x_wconf 73' lang='lat' dir='ltr'>grandique</span> <span class='ocrx_word' id='word_1_17' title='bbox 568 1670 674 1745; x_wconf 86' lang='lat' dir='ltr'>oblata</span> <span class='ocrx_word' id='word_1_18' title='bbox 712 1677 872 1772; x_wconf 87' lang='lat' dir='ltr'>pecunia,</span> <span class='ocrx_word' id='word_1_19' title='bbox 910 1672 951 1746; x_wconf 85' lang='lat' dir='ltr'>ad</span> <span class='ocrx_word' id='word_1_20' title='bbox 974 1672 1160 1756; x_wconf 83' lang='lat' dir='ltr'>societatem</span> <span class='ocrx_word' id='word_1_21' title='bbox 1173 1684 1330 1767; x_wconf 83' lang='lat' dir='ltr'>inuitant.</span> <span class='ocrx_word' id='word_1_22' title='bbox 1382 1682 1445 1753; x_wconf 92' lang='lat' dir='ltr'>Vbi</span> <span class='ocrx_word' id='word_1_23' title='bbox 1478 1710 1556 1756; x_wconf 84' lang='lat' dir='ltr'>vero</span> <span class='ocrx_word' id='word_1_24' title='bbox 1596 1686 1631 1755; x_wconf 90' lang='lat' dir='ltr'>il·</span> 
     </span>
     <span class='ocr_line' id='line_1_5' title="bbox 349 1768 1627 1879; baseline 0.009 -31"><span class='ocrx_word' id='word_1_25' title='bbox 349 1778 424 1850; x_wconf 83' lang='lat' dir='ltr'>lum</span> <span class='ocrx_word' id='word_1_26' title='bbox 449 1774 540 1846; x_wconf 78' lang='lat' dir='ltr'>ardo</span> <span class='ocrx_word' id='word_1_27' title='bbox 566 1778 722 1846; x_wconf 79' lang='lat' dir='ltr'>amicitiae</span> <span class='ocrx_word' id='word_1_28' title='bbox 745 1793 778 1847; x_wconf 88' lang='lat' dir='ltr'>et</span> <span class='ocrx_word' id='word_1_29' title='bbox 800 1768 940 1847; x_wconf 78' lang='lat' dir='ltr'>foederis</span> <span class='ocrx_word' id='word_1_30' title='bbox 965 1776 1096 1851; x_wconf 85' lang='lat' dir='ltr'>vinculo</span> <span class='ocrx_word' id='word_1_31' title='bbox 1124 1784 1312 1879; x_wconf 85' lang='lat' dir='ltr'>imperatori</span> <span class='ocrx_word' id='word_1_32' title='bbox 1327 1786 1551 1860; x_wconf 65' lang='lat' dir='ltr'>,coniunslum</span> <span class='ocrx_word' id='word_1_33' title='bbox 1564 1783 1627 1859; x_wconf 85' lang='lat' dir='ltr'>else</span> 
     </span>
    </p>
   </div>
   <div class='ocr_carea' id='block_1_3' title="bbox 350 1870 1134 1987">
    <p class='ocr_par' dir='ltr' id='par_1_3' title="bbox 350 1870 1134 1987">
     <span class='ocr_line' id='line_1_6' title="bbox 350 1870 1134 1987; baseline 0.008 -40"><span class='ocrx_word' id='word_1_34' title='bbox 350 1870 588 1987; x_wconf 82' lang='lat' dir='ltr'>perspexerunt</span> <span class='ocrx_word' id='word_1_35' title='bbox 610 1872 732 1976; x_wconf 84' lang='lat' dir='ltr'>legati,</span> <span class='ocrx_word' id='word_1_36' title='bbox 756 1901 792 1947; x_wconf 87' lang='lat' dir='ltr'>re</span> <span class='ocrx_word' id='word_1_37' title='bbox 816 1873 936 1948; x_wconf 72' lang='lat' dir='ltr'>infedla</span> <span class='ocrx_word' id='word_1_38' title='bbox 960 1876 1134 1953; x_wconf 88' lang='lat' dir='ltr'>redierunt.</span> 
     </span>
    </p>
   </div>
   <div class='ocr_carea' id='block_1_4' title="bbox 349 2020 1629 3031">
    <p class='ocr_par' dir='ltr' id='par_1_4' title="bbox 349 2020 1629 3031">
     <span class='ocr_line' id='line_1_7' title="bbox 425 2020 1628 2126; baseline 0.003 -29"><span class='ocrx_word' id='word_1_39' title='bbox 425 2020 546 2097; x_wconf 74' lang='lat' dir='ltr'>lns&#39;cius&#39;</span> <span class='ocrx_word' id='word_1_40' title='bbox 570 2020 709 2126; x_wconf 88' lang='lat' dir='ltr'>proinde</span> <span class='ocrx_word' id='word_1_41' title='bbox 721 2026 861 2125; x_wconf 84' lang='lat' dir='ltr'>Vrtigis,</span> <span class='ocrx_word' id='word_1_42' title='bbox 886 2020 964 2122; x_wconf 89' lang='lat' dir='ltr'>quid</span> <span class='ocrx_word' id='word_1_43' title='bbox 990 2050 1033 2096; x_wconf 87' lang='lat' dir='ltr'>ex</span> <span class='ocrx_word' id='word_1_44' title='bbox 1049 2051 1086 2097; x_wconf 88' lang='lat' dir='ltr'>re</span> <span class='ocrx_word' id='word_1_45' title='bbox 1111 2022 1339 2106; x_wconf 78' lang='lat' dir='ltr'>constitueret,</span> <span class='ocrx_word' id='word_1_46' title='bbox 1365 2020 1527 2098; x_wconf 90' lang='lat' dir='ltr'>seniorum</span> <span class='ocrx_word' id='word_1_47' title='bbox 1554 2053 1628 2101; x_wconf 86' lang='lat' dir='ltr'>coe·</span> 
     </span>
     <span class='ocr_line' id='line_1_8' title="bbox 349 2121 1629 2228; baseline 0.001 -29"><span class='ocrx_word' id='word_1_48' title='bbox 349 2146 400 2199; x_wconf 83' lang='lat' dir='ltr'>tus</span> <span class='ocrx_word' id='word_1_49' title='bbox 426 2126 569 2225; x_wconf 87' lang='lat' dir='ltr'>cogebat</span> <span class='ocrx_word' id='word_1_50' title='bbox 597 2122 741 2206; x_wconf 69' lang='lat' dir='ltr'>nfidue,</span> <span class='ocrx_word' id='word_1_51' title='bbox 778 2150 900 2223; x_wconf 88' lang='lat' dir='ltr'>eosque</span> <span class='ocrx_word' id='word_1_52' title='bbox 923 2127 1102 2223; x_wconf 78' lang='lat' dir='ltr'>rogitabat,</span> <span class='ocrx_word' id='word_1_53' title='bbox 1128 2150 1195 2225; x_wconf 91' lang='lat' dir='ltr'>quo</span> <span class='ocrx_word' id='word_1_54' title='bbox 1221 2121 1353 2196; x_wconf 86' lang='lat' dir='ltr'>tandem</span> <span class='ocrx_word' id='word_1_55' title='bbox 1380 2124 1536 2211; x_wconf 84' lang='lat' dir='ltr'>constli0,</span> <span class='ocrx_word' id='word_1_56' title='bbox 1565 2154 1629 2228; x_wconf 88' lang='lat' dir='ltr'>qua</span> 
     </span>
     <span class='ocr_line' id='line_1_9' title="bbox 349 2220 1627 2325; baseline 0.002 -25"><span class='ocrx_word' id='word_1_57' title='bbox 349 2232 403 2302; x_wconf 85' lang='lat' dir='ltr'>uia</span> <span class='ocrx_word' id='word_1_58' title='bbox 425 2253 478 2298; x_wconf 85' lang='lat' dir='ltr'>res</span> <span class='ocrx_word' id='word_1_59' title='bbox 504 2225 619 2299; x_wconf 84' lang='lat' dir='ltr'>melius</span> <span class='ocrx_word' id='word_1_60' title='bbox 641 2220 844 2325; x_wconf 82' lang='lat' dir='ltr'>processurae</span> <span class='ocrx_word' id='word_1_61' title='bbox 867 2220 975 2301; x_wconf 88' lang='lat' dir='ltr'>essent.</span> <span class='ocrx_word' id='word_1_62' title='bbox 1026 2232 1117 2311; x_wconf 82' lang='lat' dir='ltr'>Inter</span> <span class='ocrx_word' id='word_1_63' title='bbox 1131 2251 1217 2309; x_wconf 85' lang='lat' dir='ltr'>¹eos,</span> <span class='ocrx_word' id='word_1_64' title='bbox 1242 2230 1296 2325; x_wconf 89' lang='lat' dir='ltr'>qui</span> <span class='ocrx_word' id='word_1_65' title='bbox 1320 2222 1361 2295; x_wconf 83' lang='lat' dir='ltr'>ad</span> <span class='ocrx_word' id='word_1_66' title='bbox 1386 2225 1627 2303; x_wconf 86' lang='lat' dir='ltr'>deliberandum</span> 
     </span>
     <span class='ocr_line' id='line_1_10' title="bbox 350 2321 1625 2425; baseline 0 -24"><span class='ocrx_word' id='word_1_67' title='bbox 350 2327 615 2409; x_wconf 86' lang='lat' dir='ltr'>ronueniebant,</span> <span class='ocrx_word' id='word_1_68' title='bbox 648 2322 803 2425; x_wconf 80' lang='lat' dir='ltr'>‘quidam</span> <span class='ocrx_word' id='word_1_69' title='bbox 827 2321 1028 2398; x_wconf 80' lang='lat' dir='ltr'>obseruauit&#39;</span> <span class='ocrx_word' id='word_1_70' title='bbox 1049 2384 1062 2419; x_wconf 88' lang='lat'>‚</span> <span class='ocrx_word' id='word_1_71' title='bbox 1087 2332 1134 2399; x_wconf 90' lang='lat' dir='ltr'>im</span> <span class='ocrx_word' id='word_1_72' title='bbox 1159 2346 1319 2409; x_wconf 77' lang='lat' dir='ltr'>aratorem</span> <span class='ocrx_word' id='word_1_73' title='bbox 1338 2329 1528 2400; x_wconf 83' lang='lat' dir='ltr'>Rornarumr</span> <span class='ocrx_word' id='word_1_74' title='bbox 1541 2356 1625 2401; x_wconf 90' lang='lat' dir='ltr'>nun·</span> 
     </span>
     <span class='ocr_line' id='line_1_11' title="bbox 351 2353 1627 2529; baseline 0.002 -29"><span class='ocrx_word' id='word_1_75' title='bbox 351 2454 457 2528; x_wconf 89' lang='lat' dir='ltr'>quam</span> <span class='ocrx_word' id='word_1_76' title='bbox 479 2446 551 2499; x_wconf 85' lang='lat' dir='ltr'>ante</span> <span class='ocrx_word' id='word_1_77' title='bbox 575 2426 712 2523; x_wconf 78' lang='lat' dir='ltr'>barbaris</span> <span class='ocrx_word' id='word_1_78' title='bbox 741 2426 918 2499; x_wconf 80' lang='lat' dir='ltr'>occidentis</span> <span class='ocrx_word' id='word_1_79' title='bbox 943 2425 1065 2500; x_wconf 87' lang='lat' dir='ltr'>bellum</span> <span class='ocrx_word' id='word_1_80' title='bbox 1099 2353 1219 2509; x_wconf 75' lang='lat' dir='ltr'>inserte</span> <span class='ocrx_word' id='word_1_81' title='bbox 1257 2424 1393 2523; x_wconf 78' lang='lat' dir='ltr'>pouiffe</span> <span class='ocrx_word' id='word_1_82' title='bbox 1406 2480 1422 2511; x_wconf 76' lang='lat'>,</span> <span class='ocrx_word' id='word_1_83' title='bbox 1456 2428 1515 2501; x_wconf 81' lang='lat' dir='ltr'>nist</span> <span class='ocrx_word' id='word_1_84' title='bbox 1552 2430 1627 2529; x_wconf 87' lang='lat' dir='ltr'>post</span> 
     </span>
     <span class='ocr_line' id='line_1_12' title="bbox 351 2521 1628 2627; baseline 0.002 -26"><span class='ocrx_word' id='word_1_85' title='bbox 351 2524 571 2627; x_wconf 71' lang='lat' dir='ltr'>compositam</span> <span class='ocrx_word' id='word_1_86' title='bbox 595 2530 673 2600; x_wconf 84' lang='lat' dir='ltr'>cum</span> <span class='ocrx_word' id='word_1_87' title='bbox 696 2526 796 2601; x_wconf 86' lang='lat' dir='ltr'>Persts</span> <span class='ocrx_word' id='word_1_88' title='bbox 821 2530 860 2599; x_wconf 87' lang='lat' dir='ltr'>ab</span> <span class='ocrx_word' id='word_1_89' title='bbox 884 2521 954 2625; x_wconf 91' lang='lat' dir='ltr'>ipso</span> <span class='ocrx_word' id='word_1_90' title='bbox 978 2547 1012 2599; x_wconf 90' lang='lat' dir='ltr'>et</span> <span class='ocrx_word' id='word_1_91' title='bbox 1037 2534 1168 2601; x_wconf 81' lang='lat' dir='ltr'>orientis</span> <span class='ocrx_word' id='word_1_92' title='bbox 1192 2529 1320 2625; x_wconf 81' lang='lat' dir='ltr'>regibus</span> <span class='ocrx_word' id='word_1_93' title='bbox 1344 2554 1470 2627; x_wconf 85' lang='lat' dir='ltr'>pacem.</span> <span class='ocrx_word' id='word_1_94' title='bbox 1523 2534 1628 2603; x_wconf 81' lang='lat' dir='ltr'>Ttme</span> 
     </span>
     <span class='ocr_line' id='line_1_13' title="bbox 350 2622 1627 2731; baseline 0.002 -28"><span class='ocrx_word' id='word_1_95' title='bbox 350 2634 443 2703; x_wconf 87' lang='lat' dir='ltr'>enim</span> <span class='ocrx_word' id='word_1_96' title='bbox 467 2627 631 2705; x_wconf 68' lang='lat' dir='ltr'>vandalos</span> <span class='ocrx_word' id='word_1_97' title='bbox 655 2654 694 2699; x_wconf 87' lang='lat' dir='ltr'>ac</span> <span class='ocrx_word' id='word_1_98' title='bbox 715 2634 852 2703; x_wconf 81' lang='lat' dir='ltr'>Mauros</span> <span class='ocrx_word' id='word_1_99' title='bbox 875 2622 1021 2731; x_wconf 86' lang='lat' dir='ltr'>periisse,</span> <span class='ocrx_word' id='word_1_100' title='bbox 1057 2648 1090 2701; x_wconf 92' lang='lat' dir='ltr'>et</span> <span class='ocrx_word' id='word_1_101' title='bbox 1126 2630 1256 2703; x_wconf 87' lang='lat' dir='ltr'>Gotthis</span> <span class='ocrx_word' id='word_1_102' title='bbox 1283 2626 1426 2702; x_wconf 79' lang='lat' dir='ltr'>incidisse</span> <span class='ocrx_word' id='word_1_103' title='bbox 1454 2656 1535 2729; x_wconf 89' lang='lat' dir='ltr'>quae</span> <span class='ocrx_word' id='word_1_104' title='bbox 1559 2636 1627 2707; x_wconf 83' lang='lat' dir='ltr'>iam</span> 
     </span>
     <span class='ocr_line' id='line_1_14' title="bbox 349 2723 1627 2831; baseline 0.003 -28"><span class='ocrx_word' id='word_1_105' title='bbox 349 2749 545 2831; x_wconf 87' lang='lat' dir='ltr'>paterentur.</span> <span class='ocrx_word' id='word_1_106' title='bbox 604 2728 733 2830; x_wconf 77' lang='lat' dir='ltr'>‘Itaque</span> <span class='ocrx_word' id='word_1_107' title='bbox 757 2750 790 2803; x_wconf 92' lang='lat' dir='ltr'>et</span> <span class='ocrx_word' id='word_1_108' title='bbox 812 2756 903 2803; x_wconf 86' lang='lat' dir='ltr'>nnnc</span> <span class='ocrx_word' id='word_1_109' title='bbox 925 2723 1031 2805; x_wconf 64' lang='lat' dir='ltr'>term</span> <span class='ocrx_word' id='word_1_110' title='bbox 1061 2747 1177 2803; x_wconf 76' lang='lat' dir='ltr'>conna‘</span> <span class='ocrx_word' id='word_1_111' title='bbox 1215 2726 1424 2807; x_wconf 80' lang='lat' dir='ltr'>lustinimm</span> <span class='ocrx_word' id='word_1_112' title='bbox 1463 2732 1627 2807; x_wconf 86' lang='lat' dir='ltr'>concitan-</span> 
     </span>
     <span class='ocr_line' id='line_1_15' title="bbox 350 2822 703 2907; baseline -0.011 0"><span class='ocrx_word' id='word_1_113' title='bbox 350 2829 409 2907; x_wconf 79' lang='lat' dir='ltr'>dos</span> <span class='ocrx_word' id='word_1_114' title='bbox 432 2826 500 2905; x_wconf 87' lang='lat' dir='ltr'>esse</span> <span class='ocrx_word' id='word_1_115' title='bbox 525 2822 668 2905; x_wconf 77' lang='lat' dir='ltr'>censrut&#39;</span> <span class='ocrx_word' id='word_1_116' title='bbox 688 2884 703 2903; x_wconf 86' lang='lat'><strong>.</strong></span> 
     </span>
     <span class='ocr_line' id='line_1_16' title="bbox 577 2935 1048 3031; baseline -0.002 -27"><span class='ocrx_word' id='word_1_117' title='bbox 577 2970 581 2976; x_wconf 94' lang='lat'><em>·</em></span> <span class='ocrx_word' id='word_1_118' title='bbox 913 2935 945 3031; x_wconf 80' lang='lat'>§.</span> <span class='ocrx_word' id='word_1_119' title='bbox 978 2943 1048 3012; x_wconf 83' lang='grc'><strong>228.</strong></span> 
     </span>
    </p>
   </div>
   <div class='ocr_carea' id='block_1_5' title="bbox 347 3089 1625 3297">
    <p class='ocr_par' dir='ltr' id='par_1_5' title="bbox 347 3089 1625 3297">
     <span class='ocr_line' id='line_1_17' title="bbox 424 3089 1623 3268; baseline -0.002 -98"><span class='ocrx_word' id='word_1_120' title='bbox 424 3104 519 3202; x_wconf 80' lang='lat' dir='ltr'>Qae</span> <span class='ocrx_word' id='word_1_121' title='bbox 545 3123 624 3169; x_wconf 88' lang='lat' dir='ltr'>cum</span> <span class='ocrx_word' id='word_1_122' title='bbox 655 3098 771 3197; x_wconf 78' lang='lat' dir='ltr'>Vitigir</span> <span class='ocrx_word' id='word_1_123' title='bbox 808 3100 989 3268; x_wconf 58' lang='lat' dir='ltr'>caeteripue</span> <span class='ocrx_word' id='word_1_124' title='bbox 1025 3095 1141 3168; x_wconf 88' lang='lat' dir='ltr'>Gotthi</span> <span class='ocrx_word' id='word_1_125' title='bbox 1176 3089 1382 3192; x_wconf 80' lang='lat' dir='ltr'>probassent3</span> <span class='ocrx_word' id='word_1_126' title='bbox 1419 3092 1542 3194; x_wconf 78' lang='lat' dir='ltr'>legatos</span> <span class='ocrx_word' id='word_1_127' title='bbox 1580 3094 1623 3168; x_wconf 87' lang='lat' dir='ltr'>ad</span> 
     </span>
     <span class='ocr_line' id='line_1_18' title="bbox 347 3186 1625 3297; baseline -0.006 -22"><span class='ocrx_word' id='word_1_128' title='bbox 347 3197 551 3282; x_wconf 83' lang='lat' dir='ltr'>Chosrocm,</span> <span class='ocrx_word' id='word_1_129' title='bbox 574 3194 756 3274; x_wconf 84' lang='lat' dir='ltr'>Medorum</span> <span class='ocrx_word' id='word_1_130' title='bbox 769 3223 894 3297; x_wconf 82' lang='lat' dir='ltr'>regem,</span> <span class='ocrx_word' id='word_1_131' title='bbox 943 3195 1076 3268; x_wconf 86' lang='lat' dir='ltr'>eslinare</span> <span class='ocrx_word' id='word_1_132' title='bbox 1088 3194 1230 3293; x_wconf 83' lang='lat' dir='ltr'>placuit,</span> <span class='ocrx_word' id='word_1_133' title='bbox 1256 3220 1327 3265; x_wconf 94' lang='lat' dir='ltr'>non</span> <span class='ocrx_word' id='word_1_134' title='bbox 1340 3186 1482 3268; x_wconf 78' lang='lat' dir='ltr'>Gotthos</span> <span class='ocrx_word' id='word_1_135' title='bbox 1518 3222 1625 3279; x_wconf 88' lang='lat' dir='ltr'>enere,</span> 
     </span>
    </p>
   </div>
   <div class='ocr_carea' id='block_1_6' title="bbox 345 3294 1624 3575">
    <p class='ocr_par' dir='ltr' id='par_1_6' title="bbox 345 3294 1624 3575">
     <span class='ocr_line' id='line_1_19' title="bbox 346 3294 1623 3401; baseline -0.005 -25"><span class='ocrx_word' id='word_1_136' title='bbox 346 3328 390 3375; x_wconf 89' lang='lat' dir='ltr'>ne</span> <span class='ocrx_word' id='word_1_137' title='bbox 410 3298 469 3376; x_wconf 86' lang='lat' dir='ltr'>sua</span> <span class='ocrx_word' id='word_1_138' title='bbox 495 3298 556 3401; x_wconf 83' lang='lat' dir='ltr'>ipsi</span> <span class='ocrx_word' id='word_1_139' title='bbox 580 3295 691 3371; x_wconf 86' lang='lat' dir='ltr'>sonna</span> <span class='ocrx_word' id='word_1_140' title='bbox 714 3295 835 3399; x_wconf 90' lang='lat' dir='ltr'>proditi</span> <span class='ocrx_word' id='word_1_141' title='bbox 859 3302 1049 3399; x_wconf 84' lang='lat' dir='ltr'>agnitique,</span> <span class='ocrx_word' id='word_1_142' title='bbox 1073 3316 1230 3392; x_wconf 83' lang='lat' dir='ltr'>coeptum</span> <span class='ocrx_word' id='word_1_143' title='bbox 1252 3294 1434 3383; x_wconf 78' lang='lat' dir='ltr'>turbarent3</span> <span class='ocrx_word' id='word_1_144' title='bbox 1492 3295 1532 3369; x_wconf 88' lang='lat' dir='ltr'>ed</span> <span class='ocrx_word' id='word_1_145' title='bbox 1555 3300 1623 3370; x_wconf 88' lang='lat' dir='ltr'>Ro-</span> 
     </span>
     <span class='ocr_line' id='line_1_20' title="bbox 345 3392 1624 3575; baseline -0.006 -98"><span class='ocrx_word' id='word_1_146' title='bbox 345 3429 484 3489; x_wconf 81' lang='lat' dir='ltr'>manot,</span> <span class='ocrx_word' id='word_1_147' title='bbox 505 3405 569 3575; x_wconf 62' lang='lat' dir='ltr'>pai</span> <span class='ocrx_word' id='word_1_148' title='bbox 592 3394 699 3499; x_wconf 91' lang='lat' dir='ltr'>ipsum</span> <span class='ocrx_word' id='word_1_149' title='bbox 737 3398 908 3473; x_wconf 86' lang='lat' dir='ltr'>Iustiniano</span> <span class='ocrx_word' id='word_1_150' title='bbox 945 3404 1030 3497; x_wconf 80' lang='lat' dir='ltr'>Aug.</span> <span class='ocrx_word' id='word_1_151' title='bbox 1068 3392 1231 3469; x_wconf 88' lang='lat' dir='ltr'>insensum</span> <span class='ocrx_word' id='word_1_152' title='bbox 1268 3392 1447 3469; x_wconf 85' lang='lat' dir='ltr'>redderent.</span> <span class='ocrx_word' id='word_1_153' title='bbox 1534 3424 1624 3470; x_wconf 89' lang='lat' dir='ltr'>uam·</span> 
     </span>
    </p>
   </div>
   <div class='ocr_carea' id='block_1_7' title="bbox 327 3492 1624 4369">
    <p class='ocr_par' dir='ltr' id='par_1_7' title="bbox 327 3492 1624 4369">
     <span class='ocr_line' id='line_1_21' title="bbox 327 3492 1623 3598; baseline -0.007 -20"><span class='ocrx_word' id='word_1_154' title='bbox 327 3506 505 3578; x_wconf 57' lang='lat' dir='ltr'>‘obrema</span> <span class='ocrx_word' id='word_1_155' title='bbox 552 3496 737 3573; x_wconf 80' lang='lat' dir='ltr'>narrandam</span> <span class='ocrx_word' id='word_1_156' title='bbox 761 3503 838 3572; x_wconf 88' lang='lat' dir='ltr'>huic</span> <span class='ocrx_word' id='word_1_157' title='bbox 862 3505 911 3573; x_wconf 90' lang='lat' dir='ltr'>rei</span> <span class='ocrx_word' id='word_1_158' title='bbox 935 3523 1074 3598; x_wconf 88' lang='lat' dir='ltr'>operam</span> <span class='ocrx_word' id='word_1_159' title='bbox 1096 3494 1198 3569; x_wconf 88' lang='lat' dir='ltr'>multa</span> <span class='ocrx_word' id='word_1_160' title='bbox 1223 3493 1382 3568; x_wconf 85' lang='lat' dir='ltr'>induxere</span> <span class='ocrx_word' id='word_1_161' title='bbox 1406 3504 1543 3597; x_wconf 86' lang='lat' dir='ltr'>pecunia</span> <span class='ocrx_word' id='word_1_162' title='bbox 1578 3492 1623 3569; x_wconf 84' lang='lat' dir='ltr'>sa-</span> 
     </span>
     <span class='ocr_line' id='line_1_22' title="bbox 349 3596 1624 3704; baseline -0.005 -28"><span class='ocrx_word' id='word_1_163' title='bbox 349 3603 494 3679; x_wconf 87' lang='lat' dir='ltr'>cerdotes</span> <span class='ocrx_word' id='word_1_164' title='bbox 514 3607 647 3704; x_wconf 81' lang='lat' dir='ltr'>Ligures</span> <span class='ocrx_word' id='word_1_165' title='bbox 670 3598 778 3675; x_wconf 78' lang='lat' dir='ltr'>dnos:</span> <span class='ocrx_word' id='word_1_166' title='bbox 802 3627 945 3701; x_wconf 89' lang='lat' dir='ltr'>quorum</span> <span class='ocrx_word' id='word_1_167' title='bbox 967 3599 1071 3682; x_wconf 82' lang='lat' dir='ltr'>alter,</span> <span class='ocrx_word' id='word_1_168' title='bbox 1107 3602 1163 3697; x_wconf 90' lang='lat' dir='ltr'>qui</span> <span class='ocrx_word' id='word_1_169' title='bbox 1189 3596 1397 3696; x_wconf 79' lang='lat' dir='ltr'>praestantior</span> <span class='ocrx_word' id='word_1_170' title='bbox 1430 3596 1624 3681; x_wconf 85' lang='lat' dir='ltr'>videbatur,</span> 
     </span>
     <span class='ocr_line' id='line_1_23' title="bbox 347 3692 1621 3803; baseline -0.005 -28"><span class='ocrx_word' id='word_1_171' title='bbox 347 3702 550 3803; x_wconf 85' lang='lat' dir='ltr'>Episcopum</span> <span class='ocrx_word' id='word_1_172' title='bbox 571 3704 679 3775; x_wconf 88' lang='lat' dir='ltr'>habitu</span> <span class='ocrx_word' id='word_1_173' title='bbox 702 3729 742 3773; x_wconf 90' lang='lat' dir='ltr'>ac</span> <span class='ocrx_word' id='word_1_174' title='bbox 766 3706 903 3774; x_wconf 88' lang='lat' dir='ltr'>nomine</span> <span class='ocrx_word' id='word_1_175' title='bbox 928 3705 1111 3780; x_wconf 83' lang='lat' dir='ltr'>mentiens,</span> <span class='ocrx_word' id='word_1_176' title='bbox 1137 3696 1233 3797; x_wconf 87' lang='lat' dir='ltr'>legati</span> <span class='ocrx_word' id='word_1_177' title='bbox 1259 3723 1378 3768; x_wconf 89' lang='lat' dir='ltr'>munus</span> <span class='ocrx_word' id='word_1_178' title='bbox 1392 3692 1550 3787; x_wconf 78' lang='lat' dir='ltr'>suscepit,</span> <span class='ocrx_word' id='word_1_179' title='bbox 1578 3695 1621 3768; x_wconf 85' lang='lat' dir='ltr'>al·</span> 
     </span>
     <span class='ocr_line' id='line_1_24' title="bbox 348 3794 1621 3904; baseline -0.009 -26"><span class='ocrx_word' id='word_1_180' title='bbox 348 3826 422 3878; x_wconf 89' lang='lat' dir='ltr'>tero</span> <span class='ocrx_word' id='word_1_181' title='bbox 447 3812 598 3904; x_wconf 76' lang='lat' dir='ltr'>tanquam</span> <span class='ocrx_word' id='word_1_182' title='bbox 621 3803 769 3875; x_wconf 88' lang='lat' dir='ltr'>ministro</span> <span class='ocrx_word' id='word_1_183' title='bbox 795 3808 990 3878; x_wconf 80' lang='lat' dir='ltr'>eomitante.</span> <span class='ocrx_word' id='word_1_184' title='bbox 1043 3806 1229 3895; x_wconf 87' lang='lat' dir='ltr'>Vtrumque</span> <span class='ocrx_word' id='word_1_185' title='bbox 1266 3801 1381 3894; x_wconf 85' lang='lat' dir='ltr'>Vitigis</span> <span class='ocrx_word' id='word_1_186' title='bbox 1417 3794 1504 3867; x_wconf 84' lang='lat' dir='ltr'>mifit</span> <span class='ocrx_word' id='word_1_187' title='bbox 1544 3825 1621 3873; x_wconf 89' lang='lat' dir='ltr'>cum</span> 
     </span>
     <span class='ocr_line' id='line_1_25' title="bbox 345 3892 1622 4005; baseline -0.008 -24"><span class='ocrx_word' id='word_1_188' title='bbox 345 3906 443 3981; x_wconf 80' lang='lat' dir='ltr'>literis</span> <span class='ocrx_word' id='word_1_189' title='bbox 465 3903 507 3978; x_wconf 89' lang='lat' dir='ltr'>ad</span> <span class='ocrx_word' id='word_1_190' title='bbox 533 3898 715 3978; x_wconf 83' lang='lat' dir='ltr'>Clrosroem</span> <span class='ocrx_word' id='word_1_191' title='bbox 735 3898 880 4005; x_wconf 80' lang='lat' dir='ltr'>scriptis:</span> <span class='ocrx_word' id='word_1_192' title='bbox 905 3901 1020 4001; x_wconf 81' lang='lat' dir='ltr'>quibus</span> <span class='ocrx_word' id='word_1_193' title='bbox 1044 3892 1208 3973; x_wconf 78' lang='lat' dir='ltr'>chosroes</span> <span class='ocrx_word' id='word_1_194' title='bbox 1233 3914 1425 3997; x_wconf 82' lang='lat' dir='ltr'>permotus,</span> <span class='ocrx_word' id='word_1_195' title='bbox 1473 3894 1622 3971; x_wconf 80' lang='lat' dir='ltr'>‘Roma-</span> 
     </span>
     <span class='ocr_line' id='line_1_26' title="bbox 344 4001 722 4110; baseline -0.019 -26"><span class='ocrx_word' id='word_1_196' title='bbox 344 4012 394 4110; x_wconf 62' lang='lat' dir='ltr'>nia</span> <span class='ocrx_word' id='word_1_197' title='bbox 415 4006 539 4083; x_wconf 87' lang='lat' dir='ltr'>bellum</span> <span class='ocrx_word' id='word_1_198' title='bbox 563 4001 691 4082; x_wconf 71' lang='lat' dir='ltr'>incdit&gt;</span> <span class='ocrx_word' id='word_1_199' title='bbox 712 4060 722 4077; x_wconf 90' lang='lat'><strong>.</strong></span> 
     </span>
     <span class='ocr_line' id='line_1_27' title="bbox 911 4122 1041 4219; baseline -0.015 -25"><span class='ocrx_word' id='word_1_200' title='bbox 911 4122 944 4219; x_wconf 54' lang='grc' dir='ltr'>ᾗ.</span> <span class='ocrx_word' id='word_1_201' title='bbox 970 4145 1041 4213; x_wconf 84' lang='grc'><strong>229.</strong></span> 
     </span>
     <span class='ocr_line' id='line_1_28' title="bbox 426 4246 1617 4369; baseline -0.022 -20"><span class='ocrx_word' id='word_1_202' title='bbox 426 4274 618 4350; x_wconf 78' lang='lat' dir='ltr'>iustinianus</span> <span class='ocrx_word' id='word_1_203' title='bbox 641 4295 722 4345; x_wconf 80' lang='lat' dir='ltr'>vero</span> <span class='ocrx_word' id='word_1_204' title='bbox 748 4272 833 4369; x_wconf 76' lang='lat' dir='ltr'>Aug.</span> <span class='ocrx_word' id='word_1_205' title='bbox 857 4266 1021 4341; x_wconf 63' lang='lat' dir='ltr'>intellecto</span> <span class='ocrx_word' id='word_1_206' title='bbox 1047 4256 1203 4337; x_wconf 78' lang='lat' dir='ltr'>Chosrois</span> <span class='ocrx_word' id='word_1_207' title='bbox 1237 4252 1397 4340; x_wconf 84' lang='lat' dir='ltr'>consilio,</span> <span class='ocrx_word' id='word_1_208' title='bbox 1434 4246 1617 4349; x_wconf 88' lang='lat' dir='ltr'>susceptum</span> 
     </span>
    </p>
   </div>
   <div class='ocr_carea' id='block_1_8' title="bbox 1643 1373 1852 1523">
    <p class='ocr_par' dir='ltr' id='par_1_8' title="bbox 1643 1373 1852 1523">
     <span class='ocr_line' id='line_1_29' title="bbox 1646 1373 1852 1453; baseline -0.044 -16"><span class='ocrx_word' id='word_1_209' title='bbox 1646 1373 1852 1453; x_wconf 64' lang='lat' dir='ltr'>lmplvsrts</span> 
     </span>
     <span class='ocr_line' id='line_1_30' title="bbox 1643 1465 1805 1523; baseline 0.037 -6"><span class='ocrx_word' id='word_1_210' title='bbox 1643 1472 1760 1521; x_wconf 74' lang='lat' dir='ltr'>marro</span> <span class='ocrx_word' id='word_1_211' title='bbox 1783 1465 1805 1523; x_wconf 92' lang='lat'>1.</span> 
     </span>
    </p>
   </div>
   <div class='ocr_carea' id='block_1_9' title="bbox 329 4346 1721 4568">
    <p class='ocr_par' dir='ltr' id='par_1_9' title="bbox 329 4346 1721 4568">
     <span class='ocr_line' id='line_1_31' title="bbox 345 4346 1721 4469; baseline -0.024 -19"><span class='ocrx_word' id='word_1_212' title='bbox 345 4385 377 4450; x_wconf 93' lang='lat' dir='ltr'>in</span> <span class='ocrx_word' id='word_1_213' title='bbox 400 4373 572 4454; x_wconf 80' lang='lat' dir='ltr'>occidente</span> <span class='ocrx_word' id='word_1_214' title='bbox 596 4371 718 4445; x_wconf 85' lang='lat' dir='ltr'>bellum</span> <span class='ocrx_word' id='word_1_215' title='bbox 741 4366 1155 4469; x_wconf 82' lang='lat' dir='ltr'>decreuitquamprimtun</span> <span class='ocrx_word' id='word_1_216' title='bbox 1182 4384 1409 4457; x_wconf 89' lang='lat' dir='ltr'>componere,</span> <span class='ocrx_word' id='word_1_217' title='bbox 1447 4372 1479 4427; x_wconf 89' lang='lat' dir='ltr'>et</span> <span class='ocrx_word' id='word_1_218' title='bbox 1504 4346 1617 4427; x_wconf 86' lang='lat' dir='ltr'>Belisa-</span> <span class='ocrx_word' id='word_1_219' title='bbox 1713 4442 1721 4459; x_wconf 45' lang='lat'><strong>·</strong></span> 
     </span>
     <span class='ocr_line' id='line_1_32' title="bbox 329 4456 1702 4568; baseline -0.024 -18"><span class='ocrx_word' id='word_1_220' title='bbox 329 4474 425 4553; x_wconf 68' lang='lat' dir='ltr'>‘rium</span> <span class='ocrx_word' id='word_1_221' title='bbox 451 4483 558 4550; x_wconf 85' lang='lat' dir='ltr'>accire</span> <span class='ocrx_word' id='word_1_222' title='bbox 579 4476 800 4568; x_wconf 69' lang='lat' dir='ltr'>Byrantinm,</span> <span class='ocrx_word' id='word_1_223' title='bbox 829 4490 865 4543; x_wconf 85' lang='lat' dir='ltr'>vt</span> <span class='ocrx_word' id='word_1_224' title='bbox 889 4475 925 4541; x_wconf 90' lang='lat' dir='ltr'>in</span> <span class='ocrx_word' id='word_1_225' title='bbox 948 4465 1053 4542; x_wconf 81' lang='lat' dir='ltr'>Persas</span> <span class='ocrx_word' id='word_1_226' title='bbox 1077 4466 1254 4537; x_wconf 87' lang='lat' dir='ltr'>exereitum</span> <span class='ocrx_word' id='word_1_227' title='bbox 1281 4456 1419 4529; x_wconf 87' lang='lat' dir='ltr'>duceret.</span> <span class='ocrx_word' id='word_1_228' title='bbox 1472 4459 1523 4526; x_wconf 79' lang='lat' dir='ltr'>Ac</span> <span class='ocrx_word' id='word_1_229' title='bbox 1559 4456 1616 4521; x_wconf 89' lang='lat' dir='ltr'>Vi·</span> <span class='ocrx_word' id='word_1_230' title='bbox 1693 4478 1702 4517; x_wconf 89' lang='lat'>·.</span> 
     </span>
    </p>
   </div>
   <div class='ocr_carea' id='block_1_10' title="bbox 345 4554 1616 4883">
    <p class='ocr_par' dir='ltr' id='par_1_10' title="bbox 345 4554 1616 4883">
     <span class='ocr_line' id='line_1_33' title="bbox 345 4554 1614 4680; baseline -0.021 -29"><span class='ocrx_word' id='word_1_231' title='bbox 345 4585 412 4678; x_wconf 81' lang='lat' dir='ltr'>tig&#39;o</span> <span class='ocrx_word' id='word_1_232' title='bbox 434 4580 584 4680; x_wconf 84' lang='lat' dir='ltr'>legatos,</span> <span class='ocrx_word' id='word_1_233' title='bbox 609 4578 666 4673; x_wconf 87' lang='lat' dir='ltr'>qui</span> <span class='ocrx_word' id='word_1_234' title='bbox 690 4569 797 4643; x_wconf 87' lang='lat' dir='ltr'>adhuc</span> <span class='ocrx_word' id='word_1_235' title='bbox 824 4591 915 4644; x_wconf 89' lang='lat' dir='ltr'>erant</span> <span class='ocrx_word' id='word_1_236' title='bbox 938 4572 1107 4663; x_wconf 85' lang='lat' dir='ltr'>Byzantii,</span> <span class='ocrx_word' id='word_1_237' title='bbox 1141 4558 1265 4635; x_wconf 79' lang='lat' dir='ltr'>remisit</span> <span class='ocrx_word' id='word_1_238' title='bbox 1292 4558 1418 4639; x_wconf 85' lang='lat' dir='ltr'>llatirn,</span> <span class='ocrx_word' id='word_1_239' title='bbox 1453 4554 1614 4653; x_wconf 76' lang='lat' dir='ltr'>pollicitus</span> 
     </span>
     <span class='ocr_line' id='line_1_34' title="bbox 345 4662 1616 4831; baseline -0.021 -79"><span class='ocrx_word' id='word_1_240' title='bbox 345 4677 513 4755; x_wconf 88' lang='lat' dir='ltr'>missumm</span> <span class='ocrx_word' id='word_1_241' title='bbox 535 4673 568 4749; x_wconf 87' lang='lat' dir='ltr'>se</span> <span class='ocrx_word' id='word_1_242' title='bbox 591 4678 784 4748; x_wconf 81' lang='lat' dir='ltr'>Rauennam</span> <span class='ocrx_word' id='word_1_243' title='bbox 809 4678 917 4755; x_wconf 82' lang='lat' dir='ltr'>viros,</span> <span class='ocrx_word' id='word_1_244' title='bbox 942 4677 998 4770; x_wconf 91' lang='lat' dir='ltr'>qui</span> <span class='ocrx_word' id='word_1_245' title='bbox 1021 4693 1137 4767; x_wconf 86' lang='lat' dir='ltr'>pacem</span> <span class='ocrx_word' id='word_1_246' title='bbox 1161 4689 1240 4734; x_wconf 91' lang='lat' dir='ltr'>cum</span> <span class='ocrx_word' id='word_1_247' title='bbox 1265 4662 1394 4735; x_wconf 89' lang='lat' dir='ltr'>Gotthis</span> <span class='ocrx_word' id='word_1_248' title='bbox 1414 4674 1616 4831; x_wconf 84' lang='lat' dir='ltr'>pangerent,</span> 
     </span>
     <span class='ocr_line' id='line_1_35' title="bbox 345 4758 1616 4883; baseline -0.022 -30"><span class='ocrx_word' id='word_1_249' title='bbox 345 4788 504 4883; x_wconf 75' lang='lat' dir='ltr'>utriusque</span> <span class='ocrx_word' id='word_1_250' title='bbox 527 4780 632 4878; x_wconf 84' lang='lat' dir='ltr'>gentis</span> <span class='ocrx_word' id='word_1_251' title='bbox 656 4774 829 4847; x_wconf 84' lang='lat' dir='ltr'>rationibus</span> <span class='ocrx_word' id='word_1_252' title='bbox 853 4767 1146 4848; x_wconf 80' lang='lat' dir='ltr'>ac&#39;conunodatam.</span> <span class='ocrx_word' id='word_1_253' title='bbox 1179 4767 1255 4835; x_wconf 85' lang='lat' dir='ltr'>Hos</span> <span class='ocrx_word' id='word_1_254' title='bbox 1280 4781 1388 4832; x_wconf 88' lang='lat' dir='ltr'>autem</span> <span class='ocrx_word' id='word_1_255' title='bbox 1427 4776 1536 4857; x_wconf 87' lang='lat' dir='ltr'>egatos</span> <span class='ocrx_word' id='word_1_256' title='bbox 1558 4758 1616 4826; x_wconf 81' lang='lat' dir='ltr'>Be·</span> 
     </span>
    </p>
   </div>
   <div class='ocr_carea' id='block_1_11' title="bbox 344 4855 1617 5056">
    <p class='ocr_par' dir='ltr' id='par_1_11' title="bbox 344 4855 1617 5056">
     <span class='ocr_line' id='line_1_36' title="bbox 344 4855 1617 4971; baseline -0.022 -17"><span class='ocrx_word' id='word_1_257' title='bbox 344 4878 456 4956; x_wconf 70' lang='lat' dir='ltr'>lissriut</span> <span class='ocrx_word' id='word_1_258' title='bbox 481 4906 555 4957; x_wconf 90' lang='lat' dir='ltr'>non</span> <span class='ocrx_word' id='word_1_259' title='bbox 581 4895 653 4949; x_wconf 85' lang='lat' dir='ltr'>ante</span> <span class='ocrx_word' id='word_1_260' title='bbox 675 4874 819 4949; x_wconf 84' lang='lat' dir='ltr'>hostibus</span> <span class='ocrx_word' id='word_1_261' title='bbox 843 4866 985 4963; x_wconf 80' lang='lat' dir='ltr'>dimisit,</span> <span class='ocrx_word' id='word_1_262' title='bbox 1011 4896 1110 4971; x_wconf 85' lang='lat' dir='ltr'>quam</span> <span class='ocrx_word' id='word_1_263' title='bbox 1134 4864 1173 4937; x_wconf 86' lang='lat' dir='ltr'>ab</span> <span class='ocrx_word' id='word_1_264' title='bbox 1197 4860 1283 4962; x_wconf 80' lang='lat' dir='ltr'>ipsis·</span> <span class='ocrx_word' id='word_1_265' title='bbox 1297 4855 1484 4934; x_wconf 70' lang='lat' dir='ltr'>Athanasius</span> <span class='ocrx_word' id='word_1_266' title='bbox 1511 4874 1542 4928; x_wconf 91' lang='lat' dir='ltr'>et</span> <span class='ocrx_word' id='word_1_267' title='bbox 1559 4858 1617 4927; x_wconf 85' lang='lat' dir='ltr'>Pe·</span> 
     </span>
     <span class='ocr_line' id='line_1_37' title="bbox 346 4973 1459 5056; baseline -0.026 0"><span class='ocrx_word' id='word_1_268' title='bbox 346 5001 406 5056; x_wconf 70' lang='lat' dir='ltr'>mn</span> <span class='ocrx_word' id='word_1_269' title='bbox 433 4978 544 5056; x_wconf 75' lang='lat' dir='ltr'>dinrisl</span> <span class='ocrx_word' id='word_1_270' title='bbox 561 4973 644 5049; x_wconf 89' lang='lat' dir='ltr'>sunt.</span> <span class='ocrx_word' id='word_1_271' title='bbox 658 4997 711 5047; x_wconf 86' lang='lat'><strong>-·-.</strong></span> <span class='ocrx_word' id='word_1_272' title='bbox 1137 4989 1141 4997; x_wconf 88' lang='lat'><strong>·</strong></span> <span class='ocrx_word' id='word_1_273' title='bbox 1443 4976 1459 4999; x_wconf 65' lang='lat'>“-</span> 
     </span>
    </p>
   </div>
   <div class='ocr_carea' id='block_1_12' title="bbox 420 5122 1614 5322">
    <p class='ocr_par' dir='ltr' id='par_1_12' title="bbox 420 5122 1614 5322">
     <span class='ocr_line' id='line_1_38' title="bbox 420 5122 1578 5322; baseline -0.023 -99"><span class='ocrx_word' id='word_1_274' title='bbox 420 5152 527 5224; x_wconf 80' lang='lat' dir='ltr'>I&#39;orro</span> <span class='ocrx_word' id='word_1_275' title='bbox 550 5149 681 5244; x_wconf 82' lang='lat' dir='ltr'>hyemit</span> <span class='ocrx_word' id='word_1_276' title='bbox 707 5147 810 5218; x_wconf 79' lang='lat' dir='ltr'>exitus</span> <span class='ocrx_word' id='word_1_277' title='bbox 838 5146 990 5239; x_wconf 81' lang='lat' dir='ltr'>quartum</span> <span class='ocrx_word' id='word_1_278' title='bbox 1015 5133 1123 5236; x_wconf 69' lang='lat' dir='ltr'>clausit</span> <span class='ocrx_word' id='word_1_279' title='bbox 1150 5142 1271 5207; x_wconf 78' lang='lat' dir='ltr'>onrtem</span> <span class='ocrx_word' id='word_1_280' title='bbox 1295 5122 1369 5199; x_wconf 71' lang='lat' dir='ltr'>besti</span> <span class='ocrx_word' id='word_1_281' title='bbox 1395 5122 1578 5322; x_wconf 59' lang='lat' dir='ltr'>Gottlg&#39;ci.23</span> 
     </span>
     <span class='ocr_line' id='line_1_39' title="bbox 553 5246 1614 5295; baseline -0.023 22"><span class='ocrx_word' id='word_1_282' title='bbox 553 5281 560 5290; x_wconf 94' lang='lat'>·</span> <span class='ocrx_word' id='word_1_283' title='bbox 937 5257 944 5262; x_wconf 92' lang='grc'><strong><em>·</em></strong></span> <span class='ocrx_word' id='word_1_284' title='bbox 1508 5280 1515 5295; x_wconf 93' lang='grc'><strong>.</strong></span> <span class='ocrx_word' id='word_1_285' title='bbox 1582 5246 1614 5293; x_wconf 90' lang='lat'>0.</span> 
     </span>
    </p>
   </div>
   <div class='ocr_carea' id='block_1_13' title="bbox 0 0 2464 6992">
    <p class='ocr_par' dir='ltr' id='par_1_13' title="bbox 0 0 2464 6992">
     <span class='ocr_line' id='line_1_40' title="bbox 0 0 2464 6992; baseline 0 0"><span class='ocrx_word' id='word_1_286' title='bbox 0 0 2464 6992; x_wconf 95' lang='lat' dir='ltr'> </span> 
     </span>
    </p>
   </div>
  </div>
 </body>
</html>
