4917 6992
593 1328 799 1416 Implvsrl·

596 1428 715 1479 temno
738 1419 761 1479 1.

705 2602 774 2673 143·

809 1211 869 1307 1'60
1221 1228 1648 1307 corurconv-tt
1736 1322 1741 1334 Α

1349 1435 1529 1523 acm

806 1558 966 1631 Romanis
992 1550 1151 1653 congressi
1189 1559 1237 1624 in'
1259 1558 1393 1625 Viuario
1420 1556 1564 1649 inprimis
1577 1534 1623 1621 ''et
1660 1547 1700 1621 ad
1739 1545 1890 1623 Salariam
1931 1569 2086 1649 portam,

806 1659 860 1729 vbi
886 1681 952 1729 vno
978 1652 1029 1727 die
1054 1660 1182 1753 triginta
1205 1658 1409 1728 Gotthorum
1441 1651 1541 1725 millia
1578 1647 1723 1723 cecidisse
1760 1647 1927 1733 referunt,
1965 1651 2087 1753 insigni

810 1755 899 1831 clade
928 1756 1158 1830 afficiuntur‘.

939 1956 943 1961 .
1314 1854 1474 1948 §.1'93.

886 1980 966 2049 Hoc
991 1980 1120 2046 interim
1144 1968 1247 2070 spatio
1273 1968 1377 2067 [dum
1403 1998 1421 2042 a
1450 1966 1604 2044 Belisario
1634 1992 1770 2071 rogatus
1805 1977 1987 2070 'imperator
2026 2000 2091 2048 no-

809 2102 865 2148 uas
890 2082 926 2148 in
959 2074 1081 2150 Italiam
1131 2078 1257 2145 nrinere
1307 2078 1415 2171 copias
1462 2075 1582 2165 parat]
1634 2072 1777 2170 Neapoli
1813 2100 1863 2144 res
1899 2076 2087 2151 huiusmodi

810 2183 974 2278 contigit.'
1004 2182 1043 2248 In
1072 2171 1149 2247 soro
1176 2170 1331 2246 visebatur
1355 2099 1558 2245 Theoderici
1587 2175 1790 2245 Gotthorum
1818 2176 1900 2272 regis
1927 2174 2086 2275 effigies,

809 2305 851 2350 ex
875 2277 987 2378 lapillis
1013 2277 1205 2375 compasta,
1231 2274 1363 2347 minutis
1388 2271 1570 2345 admodum
1597 2290 1628 2344 et
1654 2272 1897 2346 versicoloribus
1922 2272 1990 2348 fere
2022 2276 2086 2348 sm·

844 2378 901 2452 slis.
953 2383 1060 2450 Huius
1084 2396 1181 2473 caput
1206 2374 1311 2459 olim,
1337 2375 1467 2448 uiuente
1491 2372 1731 2459 Theoderico,
1764 2372 1916 2457 defluxit‚
1956 2378 2085 2451 turbatis

808 2404 925 2577 sponte
950 2475 1073 2551 sedibus
1097 2476 1305 2574 lapillorum:
1333 2502 1369 2546 ac
1389 2478 1486 2547 breui
1511 2472 1712 2546 Theoderici
1735 2472 1924 2555 consecutus
1947 2478 1994 2549 esl
2015 2478 2083 2551 obi-

810 2606 868 2653 n1t.
922 2582 1012 2653 otto
1037 2578 1110 2676 poss
1135 2582 1248 2657 annis,
1275 2570 1399 2672 dilapsis
1424 2595 1560 2674 repente
1581 2576 1727 2659 calculis,
1755 2582 1809 2676 qui
1834 2580 1981 2675 imaginis
2006 2606 2084 2654 ven·

808 2700 895 2752 trem
918 2678 1121 2760 conflabant,
1146 2674 1277 2748 decessit
1301 2676 1405 2747 slatim
1432 2676 1629 2760 atalaricus,
1672 2668 1875 2751 Theoderici
1899 2704 2001 2776 nepos
2040 2706 2084 2754 ex

807 2779 883 2853 filia.
935 2778 1111 2879 Aliquanto
1139 2777 1213 2876 post
1239 2774 1424 2849 ceciderunt
1447 2776 1569 2876 lapilli,
1610 2782 1678 2876 qui·
1698 2784 1780 2849 circa
1806 2774 1946 2851 verenda
1973 2802 2084 2854 erant:

809 2899 881 2953 tum
905 2884 989 2952 inter
1014 2884 1165 2951 homines
1190 2874 1253 2949 ess'e
1279 2874 1368 2949 desrit
1396 2874 1600 2951 Theoderici
1628 2876 1693 2949 filia
1719 2876 1954 2954 Amalasuntha.
1989 2876 2099 2982 Qae'

809 3008 887 3053 erun
912 2986 955 3053 ita
978 2978 1012 3053 se
1033 2976 1232 3062 habuissent,
1258 2981 1384 3052 Gotthis
1411 2984 1557 3052 Romam
1582 2976 1824 3064 obsidentibus,
1852 2980 1991 3079 reliquae
2010 3011 2082 3081 par-

798 3102 855 3181 'tes
879 3087 1050 3181 imaginis,
1077 3114 1096 3157 a
1122 3078 1301 3153 femoribus
1326 3078 1365 3151 ad
1390 3084 1475 3153 imos
1500 3077 1624 3179 pedes,
1650 3102 1861 3164 cormerunt,
1899 3086 2006 3182 itaque
2038 3110 2082 3159 ex

806 3188 928 3283 pariete
951 3183 1073 3281 effigies
1096 3178 1224 3281 prorsus
1250 3180 1397 3253 aboleuit.
1448 3180 1528 3254 Inde
1553 3186 1696 3255 Romani
1722 3203 1818 3283 capto
1846 3188 1978 3265 omine,
2007 3186 2082 3259 belli

805 3288 968 3358 vitiorem
994 3282 1067 3357 fore
1099 3286 1299 3381 imperatoris
1325 3286 1503 3355 exercitum
1534 3278 1768 3367 ass'euerabant‚
1805 3288 2081 3383 interpretantes,

784 3386 887 3471 ,nisit
913 3380 975 3455 esse
1001 3382 1085 3457 aliud
1112 3382 1315 3457 Theoderici
1340 3380 1460 3481 pedes,
1486 3381 1545 3455 nisi
1573 3387 1738 3467 Gonnos,
1764 3385 1876 3484 quibus
1902 3385 2081 3489 illeimpc·

805 3482 921 3559 resset:
947 3483 1035 3558 vnde
1058 3484 1231 3559 meliorem
1255 3490 1289 3555 in
1316 3482 1381 3555 dies
1406 3478 1498 3582 spem
1530 3486 1705 3583 capiebant.

883 3609 1014 3681 Romae
1036 3629 1144 3681 autem
1168 3613 1291 3708 patricii
1321 3604 1457 3707 „quidam
1497 3607 1635 3699 Sibyllae
1672 3606 1801 3681 oracula
1835 3604 2080 3708 praeferebant,

805 3706 949 3808 praedici
971 3714 1021 3782 his
1046 3710 1262 3795 affirmantes,
1294 3706 1423 3781 nonnisi
1449 3706 1489 3779 ad
1525 3704 1671 3781 mensem
1707 3708 1825 3780 Iulium
1862 3714 2006 3784 Romam
2044 3720 2080 3787 in

805 3805 986 3883 discrimine
1010 3808 1105 3885 fore:
1129 3812 1236 3905 fixum
1263 3818 1351 3884 enim
1375 3805 1438 3885 esse
1463 3828 1498 3883 vt
1521 3814 1622 3881 Rom.
1634 3814 1810 3905 imperator
1834 3830 1905 3883 nun
1919 3819 2079 3913 quispiam

804 3931 986 3993 creamur,
1013 3940 1053 3983 ex
1081 3941 1148 4011 quo
1175 3912 1256 3984 nihil
1282 3916 1425 3984 Geticum
1440 3914 1549 3982 Roma
1568 3908 1704 4007 amplius
1721 3907 1948 4009 extimesceret.
1986 3918 2078 3989 Nam

805 4011 949 4082 Gotthos
973 4014 1066 4082 aiunt
1094 4026 1222 4109 gestem
1254 4011 1309 4107 effa
1341 4014 1493 4083 Geticam.
1545 4014 1607 4082 His
1641 4036 1743 4107 porro
1781 4011 1883 4087 uerbis
1916 4016 2078 4091 conslabat

742 4113 748 4118 ’
805 4109 997 4183 oraculum:
1031 4111 1164 4212 Qintili
1187 4107 1298 4183 mense
1321 4110 1339 4153 *
1364 4111 1381 4151 *
1406 4112 1423 4151 *
1450 4113 1560 4182 Roma
1589 4110 1669 4183 nihil
1703 4115 1853 4185 Geticum
1885 4136 2077 4191 metuet.-

691 4744 765 4817 1⁴4

804 4215 849 4284 At
873 4212 1088 4300 haecomnia
1113 4239 1195 4286 vana
1219 4231 1317 4284 erant.
1371 4215 1458 4283 Nam
1484 4238 1545 4282 nec
1558 4214 1789 4284 Romanorum
1803 4218 1980 4312 imperator
1991 4245 2077 4291 crea-

803 4330 854 4383 tus
879 4330 950 4382 tum
975 4316 1144 4410 quisquam
1168 4312 1235 4400 esl3
1261 4340 1321 4385 nec
1348 4310 1406 4383 nisi
1425 4312 1646 4411 posttannum
1671 4306 1826 4386 soluenda
1853 4318 2076 4411 eratobsidi03

804 4432 837 4485 et
861 4438 929 4510 quo
954 4433 1103 4513 tempore
1133 4413 1261 4489 Totilas
1288 4418 1415 4489 Gotthis
1437 4409 1597 4513 praefuit,
1624 4416 1795 4503 Romaiu
1820 4414 1934 4493 eadem
1951 4426 2075 4522 pericu-

801 4511 834 4587 la
860 4509 1041 4587 recidit—.
1524 4518 1526 4523 ’
1887 4508 1894 4519 ’
1942 4558 1948 4565 ·

1378 4616 1504 4711 sm
2011 4694 2014 4699 .

908 4712 922 4747 ‘
939 4711 1093 4787 Postridie
1116 4708 1278 4787 Belisarius
1304 4720 1472 4817 ingentem
1498 4742 1640 4791 vxotum
1654 4715 1867 4811 „liberorum
1882 4744 1920 4789 ac
1933 4711 2075 4792 s'enritio·

801 4838 878 4888 nttn
904 4816 1056 4901 turbam,
1083 4844 1126 4889 ne
1150 4812 1276 4901 obseslrs
1310 4840 1520 4895 conuneanta
1537 4814 1675 4899 deesset,
1692 4856 1700 4866 ·
1715 4825 1750 4893 in
1775 4818 1990 4922 Campaniam
2027 4824 2076 4892 ire

1988 4917 2073 4995 iussit

848 5098 1205 5202 mumfim
1508 5121 2074 5195 mmmmfflocm.

1464 5222 1724 5291 pamm
