4917 6992
779 1187 839 1264 ,a
1139 1245 1142 1252 ,
1217 1169 1608 1251 svuuanrvu
1735 1131 1742 1138 ’

884 1383 946 1456 Vir
971 1395 1057 1452 utne,
1073 1390 1140 1451 erat
1165 1401 1184 1448 e
1212 1377 1350 1450 Gizerici
1372 1370 1470 1473 stirpe
1493 1367 1728 1452 nobililsrnrm,
1751 1365 1922 1456 Geiimer,
1959 1369 2055 1447 Gela.

781 1479 860 1560 ridie
885 1487 919 1558 F.
947 1485 1110 1554 Gerrzonis
1136 1500 1268 1576 nepos,
1299 1501 1398 1575 quem
1471 1470 1646 1544 iillderici
1671 1473 1797 1580 obitum
1824 1497 1963 1570 regnum
1987 1502 2059 1547 ma·
2150 1481 2157 1489 “

782 1585 887 1659 nebat.
940 1582 1006 1654 Hic
1031 1605 1144 1652 morae
1171 1581 1365 1676 impatiens,
1391 1501 1588 1654 iliricum,
1605 1577 1667 1650 uri
1689 1577 1837 1671 ignauize
1863 1591 1894 1644 et
1921 1573 2057 1667 proditi·
2144 1607 2148 1614 ·

780 1690 851 1758 onis
877 1688 1000 1756 crimen
1027 1672 1473 1772 afferebat,f01tiffunorum
1499 1670 1722 1746 vandalorum
1750 1699 1815 1770 ope
1852 1697 1957 1768 regno
1999 1672 2057 1746 de·

777 1787 901 1858 ieuun
930 1809 1007 1854 cum
1034 1785 1202 1872 Hoarnere
1229 1757 1263 1850 it
1286 1782 1438 1875 Euagee,
1468 1780 1541 1847 :eius
1579 1799 1620 1844 ex
1645 1769 1744 1844 fratre
1781 1773 1980 1871 nepotibus,
2017 1780 2055 1848 in

778 1909 942 1960 carcerem
967 1877 1120 1960 detrusit,
1141 1897 1251 1977 atque
1275 1880 1318 1948 ita
1331 1897 1416 1946 ¹aute
1441 1870 1529 1948 diem
1551 1897 1656 1972 regno
1695 1877 1816 1970 potitus
1852 1871 1908 1946 eii.
1956 1877 2056 1948 Hane

776 1981 895 2082 hospiti
921 2002 953 2056 et
977 1985 1085 2054 amico
1110 1975 1231 2050 fatiam
1257 1973 1475 2075 indignill'une
1512 1969 1619 2046 ferens
1654 1973 1842 2051 iustinianus
1877 1977 2056 2060 iniuriam,

752 2112 797 2165 ‚a
822 2083 986 2172 Gelimere
1012 2075 1111 2154 semel
1135 2083 1344 2174 iterumque,
1369 2097 1404 2148 rt
1430 2072 1608 2148 ildericum
1634 2079 1669 2144 in
1692 2101 1834 2171 regnum
1856 2074 2056 2160 restitueret,

729 2197 733 2203 '
776 2184 831 2260 vel
855 2179 958 2256 saltim
984 2178 1075 2253 illum
1093 2205 1179 2255 ¹cum
1204 2181 1397 2278 propinquis
1417 2171 1465 2246 ad
1485 2171 1527 2260 *se
1564 2179 1759 2268 Byzantium
1782 2180 1957 2257 mitteret,
1994 2202 2056 2274 po-

777 2273 912 2364 stulauit.
966 2281 1110 2356 Geluner
1136 2304 1241 2360 vero,
1266 2275 1359 2347 nullis
1385 2301 1491 2372 neque
1518 2275 1664 2372 precibus
1677 2275 1838 2358 iustiniani
1861 2297 1971 2348 motus
1997 2303 2056 2351 ne⁴

778 2411 843 2487 que
869 2387 993 2457 territus
1018 2375 1139 2461 mirus,
1166 2383 1371 2450 Hoamerem
1397 2371 1480 2446 adeo
1507 2374 1608 2448 oculis
1647 2380 1806 2470 priuauit,
1846 2395 1879 2448 et
1916 2375 2056 2450 iustinia-

777 2512 861 2561 num
878 2476 939 2572 ,sua
965 2477 1190 2556 cunareiuffit.
1245 2483 1354 2566 Quam
1380 2473 1534 2550 additam
1558 2479 1702 2548 iniuriae
1731 2472 1930 2578 superbiam.
1957 2483 2055 2552 armis

714 2587 746 2638 ·'
778 2581 943 2666 vindicare
966 2579 1112 2657 decreuit
1129 2577 1263 2652 iustinia
1279 2605 1366 2652 us..
1427 2643 1431 2650 .
1655 2664 1662 2671 Ι

682 2728 687 2736 ’
805 2745 812 2758 ·
889 2711 955 2786 Sub
982 2707 1069 2782 idem
1094 2725 1223 2806 tempus
1252 2701 1427 2780 Pudentius
1455 2703 1588 2804 quidam
1612 2703 1793 2806 Tripolin,
1831 2706 1916 2779 cum
1929 2703 2058 2805 'procul

781 2806 922 2884 abessent
952 2807 1110 2892 Vandali,
1137 2813 1362 2907 imperatoris,
1387 2834 1406 2876 a
1429 2831 1496 2905 quo
1510 2812 1618 2908 copias
1632 2813 1879 2907 impetrauerat,
1899 2805 2058 2904 'potestati

779 2907 933 2999 subiecit3
959 2907 1069 2984 Godas
1094 2913 1233 2984 veroin
1259 2903 1425 2992 Sardinia,
1451 2904 1710 3006 quam‘insulam
1736 2906 1796 3005 ipfi
1810 2907 2058 3001 '‘Gelimercum

781 3017 881 3098 amnui
906 3011 1012 3086 tributi
1041 3037 1140 3084 onere
1167 3005 1630 3101 commiserat,'tyrannidem
1656 3005 1825 3081 affeuauit.
1877 3013 1973 3080 Hanc
1995 3012 2056 3105 ‘qui

779 3109 955 3185 destrueret
982 3110 1063 3185 dum
1089 3117 1122 3182 in
1150 3107 1327 3183 Sardiniam
1341 3109 1690 3183 GelimerTzazonem
1715 3106 1847 3182 fratrem
1872 3136 1948 3181 cum
1972 3107 2058 3182 flore

704 3245 707 3251 ·
780 3211 1008 3287 Vandalomm
1033 3216 1153 3296 mittit,
1177 3211 1331 3283 Romana
1357 3207 1479 3292 claffis,
1505 3207 1588 3283 duce
1604 3207 1784 3294 'Belisario,
1812 3214 1876 3284 oris
1899 3205 2059 3282 Africanis

670 3381 672 3386 .
781 3317 837 3409 (a.
864 3319 903 3386 C.
930 3317 1020 3406 533)
1048 3313 1198 3405 allabitur.
1226 3316 1397 3392 Romani,
1435 3334 1512 3382 curn
1536 3312 1653 3410 procul
1681 3340 1701 3384 a
1737 3317 1819 3383 mari
1854 3316 2059 3385 Hermionae

782 3433 894 3514 ageret
918 3413 1089 3496 Gelimer,
1111 3418 1253 3484 *nemine
1280 3413 1494 3511 prohibente,
1533 3409 1775 3486 exscensionem
1798 3409 1952 3488 fecerunt
2001 3416 2058 3485 De

781 3517 833 3590 his
858 3517 975 3588 certior
998 3509 1102 3586 sadus
1129 3513 1295 3598 Gelimer,
1321 3519 1492 3587 Ammatae
1517 3509 1606 3585 fratri
1641 3516 1874 3614 Carthaginem
1912 3509 2059 3611 scripsit,

780 3611 956 3690 ildericum
982 3639 1058 3686 curn
1082 3619 1275 3714 propinquis
1300 3634 1333 3686 et
1356 3617 1468 3686 amicis
1496 3611 1680 3699 occideret,
1708 3635 1750 3686 ’et
1775 3621 1818 3687 ita
1853 3611 1886 3688 se
1923 3616 2057 3688 obuiam

780 3716 882 3792 lerret
906 3725 984 3789 c'urn
1009 3721 1151 3788 exercitu
1178 3719 1345 3788 Romanis.
1398 3720 1465 3815 Qi
1500 3714 1650 3788 mandata
1686 3713 1854 3792 Gelimeris
1892 3712 2059 3788 exsecutus

782 3845 860 3891 cum
884 3815 925 3889 ad
950 3821 1127 3890 Decimum
1156 3819 1269 3890 vrbem
1295 3821 1329 3888 in
1359 3819 1538 3888 Romanos
1576 3811 1755 3899 incidisset,
1791 3817 1920 3916 proelio
1954 3817 2058 3890 virius

691 3977 694 3984 ,
782 3919 957 4000 occubuit,
998 3915 1182 4014 eodemque
1215 3939 1365 4012 tempore
1390 3915 1636 4001 Gibamundus,
1662 3915 1842 3994 'Gelimen's
1881 3946 1923 3991 ex
1959 3913 2077 3989 fratre·

782 4043 910 4116 nepos,
949 4017 988 4086 ab
1016 4021 1146 4089 Hunnis
1171 4019 1402 4113 Romanorum
1428 4015 1598 4089 loederatis
1625 4023 1659 4089 in
1684 4023 1815 4118 Campo
1837 4019 1922 4094 Salis
1952 4020 2059 4092 virtus

783 4140 880 4216 atque
905 4109 1026 4188 occisus
1048 4115 1106 4196 est.
1159 4114 1316 4188 Tandem
1331 4115 1486 4189 'Gelimer
1511 4113 1577 4215 ipse
1612 4117 1653 4190 ad
1690 4123 1869 4194 Decimum
1906 4115 2058 4203 accessu,

784 4219 892 4316 ibique
918 4211 1079 4314 superante
1105 4215 1335 4310 proeliorum
1360 4213 1421 4288 suis
1452 4222 1487 4287 in
1510 4216 1702 4290 Numidiam
1728 4225 1764 4290 in
1789 4221 1904 4295 Bullae
1932 4219 2058 4318 planiti-

782 4347 839 4393 em
864 4311 1021 4416 confugit.
1051 4319 1134 4387 >His
1161 4321 1202 4388 ira
1226 4318 1343 4417 gestis,
1369 4313 1531 4410 Belisarius
1557 4319 1789 4419 Carthaginem
1811 4325 2058 4423 maxirnunque

723 4433 744 4517 j
783 4415 936 4502 Africae,
961 4441 1043 4517 quae
1062 4409 1214 4491 Vandalis
1237 4419 1390 4517 parebat,
1408 4439 1541 4518 ¹partem
1568 4426 1750 4521 occupauit.

668 4631 672 4639 ι
712 4507 768 4678 ἐ
798 4551 817 4626 ζ,
886 4547 925 4615 In
951 4545 1019 4615 hoc
1045 4541 1232 4616 constitutus
1259 4541 1446 4619 discrimine
1486 4548 1651 4630 Gelimer,
1688 4549 1885 4625 Tzarouem
1921 4547 2059 4626 fratrem

401 4730 405 4741 Ι
464 4678 498 4744 μ
563 4685 585 4738 2
643 4643 675 4705 ’ἵ
698 4633 749 4736 ³22²
773 4631 827 4716 lsx
853 4637 1021 4727 Sardinia,
1054 4670 1152 4742 quam
1177 4643 1230 4716 ille
1252 4641 1360 4719 occiso
1385 4667 1527 4742 tyranno
1552 4668 1737 4747 receperat,
1776 4649 1929 4724 aduolare
1944 4649 2054 4749 inilia

414 4741 422 4752 “
783 4747 850 4846 Qi
874 4741 970 4820 simul
995 4743 1147 4830 aduenit,
1174 4742 1284 4821 fratres
1307 4748 1406 4820 ambo
1431 4751 1611 4823 coniunsiis
1636 4751 1753 4824 viribus
1776 4751 1898 4851 petiere
1922 4754 2056 4825 Cartha·

782 4850 904 4943 ginem.
932 4841 1018 4921 vnde
1044 4873 1121 4919 cum
1146 4851 1288 4922 exercitu
1312 4845 1479 4950 professus
1502 4847 1686 4933 Belisarius,
1725 4877 1782 4926 eos
1817 4851 1860 4925 ad
1884 4855 2058 4927 Tricama·

783 4971 858 5016 rum
885 4949 982 5022 casira
1007 4969 1143 5023 metatos
1166 4945 1313 5022 offendis
1365 4956 1432 5026 l-lic
1454 4957 1519 5051 acri
1546 4947 1719 5024 commisso
1745 4951 1901 5051 proelio}
1921 4953 2054 5028 tandem

521 5111 524 5118 .
784 5043 922 5121 Vandali
948 5051 1023 5122 vidi
1047 5069 1079 5122 et
1104 5048 1144 5122 ad
1169 5055 1424 5127 internecionem
1449 5050 1530 5126 caeli
1555 5049 1648 5142 sunt3
1673 5053 1826 5128 occubuit
1850 5055 1894 5126 ibi
1918 5060 2055 5138 Tzazo,
2123 5076 2127 5085 ·

493 5185 529 5240 ³¹.
568 5151 696 5270 jgfsip.
785 5147 928 5225 Gelimer
952 5177 1031 5226 vero
1050 5175 1134 5251 ¹cum
1155 5158 1267 5256 paucis
1290 5157 1328 5230 in
1350 5175 1501 5232 montem
1525 5158 1692 5258 Pappuam
1720 5153 1802 5261 lisga
1829 5155 1936 5232 euafie
1987 5161 2056 5248 Hic

808 5327 824 5378 i
