4917 6992
759 1178 841 1307 ‘152
1110 1245 1114 1262 ·
1194 1204 1764 1331 oo‘rurcouuu„x
1844 1322 1849 1339 ι
1917 1268 1920 1277 2

570 1316 778 1398 Impivsrr-
1254 1384 1256 1391 y

570 1416 690 1463 meuc
712 1405 735 1463 t
774 1440 778 1445 -
1322 1412 1358 1483 ἠ,
1379 1412 1420 1485 c,
1453 1413 1520 1501 536,

858 1538 1016 1633 „Coeptis
1039 1534 1244 1635 ingentibus,
1269 1533 1537 1613 commilitones,
1574 1527 1740 1604 nonnius
1764 1550 1917 1628 praeceps
1942 1530 2062 1603 occali·

781 1659 912 1718 omnn,
938 1633 993 1708 sed
1018 1635 1226 1709 consiliorum
1252 1632 1421 1733 prudentia
1448 1650 1579 1704 euentus
1605 1628 1776 1730 prosperos
1791 1623 1905 1703 afferre
1915 1623 2060 1704 solet.-

671 1750 708 1834 *‚
782 1741 874 1809 Scitis
899 1740 1101 1832 Gotthorrpn
1126 1736 1383 1834 quamplurimos
1410 1760 1447 1803 ac
1471 1728 1540 1805 fere
1567 1757 1704 1803 omnem
1728 1756 1898 1805 armorum
1929 1755 2059 1830 appara·

700 1920 708 1936 ἱ
774 1838 857 1916 ‚tram
881 1843 917 1908 in
945 1836 1072 1920 Galliis,
1100 1842 1265 1919 venetiis,
1291 1856 1323 1907 et
1347 1832 1532 1933 regionibus
1558 1830 1773 1907 remotiffimis
1800 1828 1871 1904 effe.
1923 1832 2092 1915 Praeter,

786 1964 824 2010 ea
852 1964 928 2009 cum
957 1942 1084 2009 Francis
1109 1962 1180 2008 non
1214 1936 1317 2009 leuius
1341 1935 1401 2007 isso
1427 1930 1607 2031 susceptum
1633 1936 1787 2007 habemus
1811 1930 1955 2005 bellum:
1994 1962 2061 2033 quo

787 2065 858 2112 non
881 2040 963 2109 bene
987 2024 1196 2135 compofiro,
1223 2057 1387 2109 extremae
1413 2032 1592 2107 dementiae
1603 2030 1722 2117 fuerit,
1748 2031 2064 2107 eudemone—-

788 2142 863 2235 Ego
889 2164 967 2208 vero
994 2134 1038 2209 fic
1063 2139 1188 2217 llatuo,
1226 2142 1420 2212 Rauennam
1458 2138 1545 2207 tedia
1568 2134 1723 2223 eundum
1751 2132 1835 2216 elle,
1875 2154 1969 2232 atque
2009 2136 2062 2209 vbi

788 2264 866 2309 cum
890 2242 1019 2309 francis
1042 2238 1281 2310 confecerimus
1331 2264 1449 2317 acem,
1473 2240 1669 2335 optimoque
1693 2242 1727 2305 in
1750 2236 1827 2309 loco
1854 2256 1975 2307 caetera
2002 2262 2063 2334 po·

786 2333 965 2419 fuerimus,
989 2337 1212 2412 muadeudum
1227 2264 1413 2411 Belilbrium
1426 2362 1504 2409 cum
1529 2342 1622 2409 omni
1635 2341 1838 2409 Gotthorum
1856 2342 2006 2409 exercitu
2017 2374 2063 2389 -

745 2493 754 2511 .
786 2438 901 2511 milites
928 2439 1086 2535 plurimos
1111 2468 1149 2511 ac
1168 2434 1369 2537 praefedbum
1396 2434 1739 2536 intelligentiffimrrm,
1765 2442 1819 2537 qui
1845 2434 1983 2509 tuendae
1995 2440 2061 2509 Ro·

785 2568 859 2615 mae
882 2534 1065 2623 sufficiant,
1092 2540 1321 2639 relinquemus.
1371 2545 1417 2611 ita
1440 2556 1482 2609 tre
1509 2540 1589 2609 haec
1627 2540 1711 2611 bene
1746 2538 1913 2613 constituta
1936 2538 2061 2611 habebi·

785 2668 884 2741 mus,
907 2668 971 2713 nec
994 2636 1227 2714 detrimentrun
1253 2638 1356 2713 vllum
1383 2562 1528 2711 diliessus
1551 2640 1606 2711 hic
1630 2640 1739 2713 noller
1762 2644 1895 2741 pariet„

769 2874 774 2884 ›
865 2824 961 2899 Haec
978 2828 1115 2927 vitigis:
1141 2829 1194 2897 cui
1218 2798 1456 2899 alserliGotthi
1482 2848 1620 2908 omnes,
1644 2822 1685 2896 ad
1711 2829 1772 2897 iter
1796 2816 1828 2897 se
1848 2829 2063 2897 accinxerunt

809 2963 848 3015 s.

1361 3036 1393 3133 §.
1419 3036 1485 3123 176.

772 3239 776 3247 1
862 3196 992 3274 Deinde
1016 3198 1188 3273 Siluerium
1213 3201 1298 3273 vrbis
1319 3199 1513 3287 antistitem,
1542 3193 1685 3270 senatum
1710 3195 1937 3299 populumque
1961 3199 2064 3272 Rom

784 3299 895 3383 multis
921 3298 1009 3373 idem
1038 3297 1317 3383 commonefecit,
1343 3296 1543 3397 reductoque
1568 3304 1603 3369 in
1615 3302 1811 3369 memoriam
1828 3326 1933 3398 regno
1947 3304 2065 3372 Theo-

786 3398 909 3483 derici,
948 3428 1064 3474 omnes
1100 3402 1246 3475 hortatus
1272 3401 1342 3484 est,
1380 3420 1415 3473 vt
1450 3403 1653 3474 Gotthorum
1682 3404 1770 3496 genti
1795 3401 1988 3498 praestarent
2012 3402 2064 3473 be·

787 3500 1034 3586 neuolentiam,
1057 3499 1178 3601 sibique
1201 3528 1319 3575 eorum
1343 3498 1446 3583 fidem
1472 3498 1658 3601 grauissimo
1683 3494 1880 3573 sacramento
1910 3500 2063 3575 deuinxit.
2158 3536 2162 3549 ·

786 3600 931 3677 Deleuis
958 3608 1135 3677 nunbnum
1162 3623 1304 3703 quatuor
1327 3600 1465 3673 millibus
1491 3608 1659 3683 virorum,
1684 3605 1739 3699 qui
1764 3605 1909 3674 Romam
1935 3606 2064 3676 Gotthic

634 3761 640 3771 .
786 3700 1009 3787 custodirent,
1034 3704 1216 3789 Lemnia,
1242 3706 1400 3803 prouedia
1422 3724 1522 3777 aetate
1547 3708 1677 3791 virrun,
1702 3728 1739 3775 ac
1764 3701 1952 3801 prudentiae
1968 3701 2064 3775 laude

741 3791 747 3808 “
788 3803 950 3877 celebrem
973 3801 1151 3902 praefecit:
1176 3827 1247 3877 turn
1270 3804 1327 3881 reli
1352 3830 1396 3876 uo
1422 3804 1552 3901 llipatus
1579 3808 1744 3885 exercitu,
1783 3808 1976 3878 Rauennam
2010 3831 2065 3903 pe·

779 3908 865 3989 rin,
889 3902 1014 3977 obfides
1038 3902 1149 3979 secum
1174 3908 1295 3977 habens
1321 3830 1480 3977 timores
1506 3904 1772 4005 quamplurimoe
1800 3980 1804 3989 ,

811 4159 816 4166 ,
863 4088 915 4155 Eo
942 4112 1019 4157 cum
1043 4074 1258 4186 peurenilset,
1285 4086 1553 4184 Matafimtiram,
1578 4083 1826 4161 Amalasunthae
1844 4086 1967 4171 liliam,
1995 4112 2063 4158 ma·

787 4204 896 4256 turem
919 4188 986 4257 iam
1009 4190 1081 4259 viro
1107 4190 1156 4261 vir
1181 4192 1292 4269 nem,
1318 4190 1454 4260 inuitam
1480 4183 1571 4258 duxit
1595 4195 1630 4260 in
1653 4194 1920 4273 matrimonium,
1946 4207 1980 4261 vt
1998 4215 2063 4259 cer·

788 4280 930 4360 tius'fibi
952 4310 1094 4387 reguum
1118 4214 1286 4372 adbreret,
1312 4289 1381 4363 hoc
1404 4293 1521 4363 intimo
1541 4314 1630 4363 nexu
1655 4317 1732 4365 cum
1745 4289 1840 4391 ssirpe
1852 4286 2063 4371 Theoderici

1364 4515 1394 4612 t·
1423 4539 1491 4617 17⁷·

868 4694 1000 4804 Deinde
1022 4699 1207 4772 contradioe
1229 4694 1372 4799 undique
1395 4702 1539 4773 Gotthos
1564 4725 1679 4774 omnes
1704 4696 1866 4800 descriplit
1891 4699 2065 4775 ordinauit·

791 4817 880 4892 que,
902 4824 994 4870 arma
1021 4821 1117 4899 atque
1141 4824 1243 4899 equos
1267 4796 1398 4901 singulis
1422 4827 1484 4899 pro
1509 4799 1620 4874 modo'
1640 4824 1671 4875 et
1696 4800 1798 4902 gradu
1817 4799 1971 4877 diuidms.
1995 4810 2063 4876 Eoe

789 4911 918 5036 tantun
941 4903 1108 5042 Gotthos,
1132 4906 1189 5003 qui
1211 4906 1249 4975 in
1274 4902 1451 4981 &lurum
1487 4900 1648 5007 praesidiis
1683 4924 1797 4989 erant,
1834 4930 1912 5053 cum
1931 4900 2062 5081 Flppgd:

830 5210 888 5268 130·
910 5163 953 5265 Id.
974 5196 1046 5267 ibid.
1066 5206 1101 5288 p,
1115 5216 1173 5283 3³9·
