4917 6992
820 1192 885 1291 aar
1162 1122 1166 1127 ’
1259 1172 1652 1300 surrurrrvrr

822 1402 909 1500 Bug.
932 1396 1107 1496 imperium
1132 1378 1293 1487 praestus,
1332 1384 1487 1461 tnbntum
1512 1400 1651 1467 exuens,
1674 1378 1797 1480 bessum
1832 1396 1914 1455 cern
1937 1379 2109 1467 Persarum

656 1522 662 1533 “
821 1523 900 1603 tege
924 1495 1066 1595 suscepit.
1118 1486 1221 1581 Quod
1245 1503 1322 1561 cunr
1348 1484 1403 1561 sub
1426 1495 1495 1561 eius
1525 1487 1594 1583 filie
1628 1487 1769 1561 Cuucha
1805 1478 1913 1558 adnue
1952 1482 2107 1581 duraret,

823 1606 966 1678 Perozes
994 1593 1073 1671 iilud
1098 1588 1212 1665 fraude
1243 1590 1337 1663 finire
1363 1592 1531 1692 cogitabat.
1582 1590 1666 1689 Regi
1694 1590 1801 1687 itaque
1822 1582 2042 1661 Cidaritannn
2055 1586 2108 1667 so.

821 1730 935 1776 rorem
960 1694 1071 1772 suarn'
1088 1698 1123 1765 in
1142 1696 1396 1797 ·mauirnqnimn
1433 1687 1465 1763 se
1490 1688 1641 1762 daturum
1672 1682 1846 1787 promisst5
1886 1684 1941 1761 sed
1965 1714 2029 1789 pro
2053 1693 2107 1768 ill,

823 1804 919 1878 aliam
944 1801 1115 1873 mulierem
1141 1788 1318 1875 substituit,
1357 1813 1390 1865 et
1420 1794 1487 1865 hoc
1519 1788 1597 1863 dolo
1621 1814 1737 1891 pacem
1775 1793 1969 1886 impetrauit.
2018 1794 2108 1869 Cun-

826 1908 901 1978 chas
925 1926 1024 1983 vero,
1050 1899 1182 1994 cognita
1205 1920 1246 1966 ex
1271 1894 1407 1965 rnubiere
1433 1872 1500 1993 ipsa
1521 1886 1655 1975 fraude,
1686 1894 1772 1962 hanc
1795 1884 1916 1963 factam
1942 1890 2002 1965 srbi
2027 1900 2109 1969 iniu-

822 2010 906 2079 riam
931 1999 1031 2075 caede
1062 2014 1285 2072 trecentorum
1322 1994 1564 2093 eprincipibus
1598 1986 1787 2075 Persanrrn,
1828 2013 1912 2091 quos
1949 1988 2032 2081 ribi,
2074 2002 2109 2070 in

823 2105 910 2181 bello
936 2130 1013 2176 cum
1038 2098 1181 2173 srrritimis
1215 2094 1313 2169 duces
1346 2092 1501 2179 futuros,
1540 2100 1624 2169 mitti
1659 2093 1898 2192 postulassem,
1935 2096 2021 2173 vlrns
2051 2098 2107 2176 est,

824 2205 910 2283 inde
931 2204 1052 2279 bellurn
1076 2193 1261 2282 recruduit,
1310 2194 1395 2281 uod,
1422 2193 1555 2271 tandem
1580 2194 1728 2271 Cidaritis
1761 2197 1852 2270 vittis
1891 2216 1924 2272 et
1948 2200 2028 2275 vrbe
2053 2223 2108 2275 eo·

824 2334 901 2384 rum
926 2306 1054 2383 Balaam
1081 2318 1194 2401 capta,
1224 2225 1417 2373 consessum
1443 2297 1499 2373 est.

1445 2512 1487 2583 V.

1372 2679 1569 2771 Sabirr'.

941 2834 1041 2913 Sabiri
1065 2833 1243 2917 abnueris
1269 2824 1330 2905 suis
1353 2824 1478 2907 sedibus
1528 2832 1586 2909 rrssr
1612 2839 1692 2935 imp.
1717 2834 1888 2909 Marciano
1913 2836 2110 2937 Saraguros,

827 2940 963 3039 Vrogos
988 2956 1020 3011 et
1044 2938 1224 3036 Onogu'ros
1248 2930 1332 3009 bebo
1357 2930 1462 3009 adorti
1486 2862 1566 3009 sabat.
1615 2932 1767 3011 Anassasri
1795 2962 1872 3011 vero
1903 2943 1987 3035 Aug.
2026 2957 2111 3015 terrr-

828 3062 997 3215 aa
1020 3025 2108 3238 {armaturis’trituratur

830 3236 921 3315 anno
953 3249 1004 3333 (a
1031 3240 1070 3323 C.
1095 3243 1179 3335 527.)
1221 3262 1289 3337 quo
1314 3257 1464 3337 tempore
1504 3236 1546 3311 ad
1584 3260 1769 3312 extremum
1807 3232 1989 3312 Caucasum
2029 3236 2111 3313 sina

831 3340 960 3417 Bechos
983 3340 1189 3423 habitabant,
1213 3364 1332 3411 cortun
1344 3344 1455 3439 regina
1469 3344 1595 3413 boarex
1608 3346 1777 3425 nornine,v
1792 3338 1921 3413 balachi
1934 3336 2055 3422 vidua,
2078 3332 2113 3413 se

831 3445 993 3519 Romanis
1016 3436 1189 3525 adiunxit,
1215 3458 1247 3511 et
1272 3437 1339 3533 duo
1368 3440 1445 3512 aiios
1471 3444 1675 3514 Hunnorum
1700 3468 1735 3513 re
1759 3466 1792 3514 es
1816 3438 1963 3516 Glonem
1987 3462 2019 3517 et
2039 3442 2112 3534 Sty·

831 3568 968 3627 racem,
993 3558 1071 3613 tunc
1097 3566 1158 3641 per
1182 3544 1354 3640 regionem
1378 3537 1475 3640 ipsius
1500 3539 1599 3615 Persas
1631 3468 1799 3617 aduersrm
1824 3548 1994 3617 Romanos
2025 3545 2113 3614 auxi·

832 3644 880 3719 lio
906 3636 1168 3743 proficiscentes,
1190 3641 1319 3743 proelio
1344 3644 1443 3737 vicit,
1478 3643 1586 3743 ibique
1610 3644 1720 3717 Glone
1744 3641 1916 3717 interfesio
1939 3648 2143 3741 Styracerrr

830 3759 966 3845 captum
990 3746 1191 3837 Byzantium
1216 3740 1311 3815 mifit.
1357 3748 1398 3815 Ir's
1424 3764 1533 3816 autem
1558 3772 1640 3845 quae
1671 3741 1882 3845 sequebantur
1913 3744 2114 3845 temporibus

829 3848 935 3921 Sabiri
959 3871 1052 3918 nunc
1076 3848 1112 3918 irr
1136 3848 1370 3919 Romanorum
1393 3870 1484 3917 nunc
1515 3848 1550 3917 in
1573 3841 1739 3919 Persarum
1778 3847 1966 3921 exercitibus
1997 3845 2114 3945 stipen-

832 3942 888 4021 dia
910 3964 1111 4023 meruerunt.
1160 3945 1232 4018 Sub
1251 3944 1381 4020 vltimos
1406 3946 1566 4019 Iustiniani
1592 3952 1677 4048 Aug,
1703 3972 1806 4021 annos
1833 3974 1913 4049 gens
1936 3948 1975 4019 ab
2000 3948 2117 4021 Amris

835 4046 992 4123 debellata
1013 4046 1086 4137 est,
1113 4063 1146 4119 et
1191 4070 1253 4117 uae
1277 4043 1386 4117 adbuc
1411 4046 1523 4137 exilia
1548 4044 1732 4144 supererant
1748 4049 1900 4151 reliquiae
1929 4044 1986 4121 sub
2010 4054 2116 4147 impe-

833 4152 886 4223 rio
908 4148 1038 4227 Tiberii
1060 4151 1100 4219 IL
1122 4172 1146 4217 a
1169 4070 1304 4218 bessus
1327 4146 1419 4222 Rom
1443 4174 1485 4221 ex
1509 4148 1645 4223 Albania
1669 4153 1793 4227 excitae
1818 4170 1851 4227 et
1875 4146 1918 4225 ad
1939 4154 2025 4252 n'pas
2043 4154 2117 4246 Cy·

833 4250 987 4327 riamnis
1010 4252 1048 4325 in
1070 4240 1143 4323 solo
1166 4250 1326 4327 Romano
1352 4246 1529 4325 conbeatae
1552 4246 1632 4326 sunt

1446 4454 1612 4527 Ἧι,

1298 4584 1647 4734 Ebhrhalirae.

936 4756 1146 4861 Ephtbasitae
1167 4788 1190 4838 a
1212 4755 1417 4866 scriptoribus
1440 4771 1626 4865 Byzantinis
1655 4764 1699 4844 ad
1731 4792 1844 4872 gentes
1866 4770 2037 4845 Hunnicas
2067 4794 2119 4845 re·

836 4852 1006 4947 seruabar,
1030 4861 1107 4939 licet
1127 4866 1303 4951 moribus,
1323 4866 1457 4943 urendi
1481 4878 1629 4955 ratione,
1651 4892 1686 4945 et
1705 4873 1794 4945 vultu
1818 4866 1903 4947 adeo
1924 4868 2021 4975 ipso,
2044 4894 2117 4973 quo

831 4966 977 5044 minime
998 4959 1169 5069 deformes
1190 4988 1309 5051 erant,
1343 4968 1386 5043 ab
1408 4976 1541 5049 Hurrrr'rs
1565 4970 1782 5067 ·dirrersrffimi
1805 4970 1916 5051 «essent.
1963 4974 2039 5052 albi
2071 4992 2120 5047 et·

780 5063 784 5069 ’
835 5062 907 5139 iarn
928 5080 1114 5155 romanu,
1136 5093 1158 5143 a
1180 5066 1463 5161 coloremus-rt
1485 5074 1634 5169 videar,
1659 5104 1763 5179 quarn
1784 5062 1828 5175 err
1849 5078 2039 5175 Hmrr'rsbi
2062 5068 2119 5151 su·

2084 5174 2119 5250 h

1449 5270 1477 5321 a
