4917 6992
906 1204 1112 1288 CAPVT
1141 1209 1198 1286 tx.
1645 1229 1700 1302 3³5
1789 1197 1792 1201 ’

967 1436 995 1484 a.
1020 1415 1059 1485 C.
1084 1419 1145 1505 5'33.

1005 1531 1035 1627 l·
1068 1553 1118 1622 92

524 1640 620 1720 llaec
643 1639 815 1742 postquam
848 1645 965 1720 Tzazo
987 1673 1006 1718 a
1031 1643 1063 1720 se
1092 1646 1175 1720 ledle
1193 1643 1350 1718 -Vandal‘n
1389 1647 1586 1744 impertiuit,
1623 1662 1696 1719 tum

414 1745 527 1844 lugere
552 1769 667 1818 ornnes
690 1743 928 1828 aclarnentari,
953 1773 1023 1820 non
1048 1765 1159 1819 tamen
1171 1746 1362 1844 propalam,
1389 1744 1467 1828 sed,
1495 1741 1605 1843 quoad
1629 1748 1695 1817 eiua

414 1845 486 1922 fieri
512 1865 660 1944 poterat,
685 1841 835 1916 abdentes
860 1842 947 1930 sese,
983 1867 1015 1920 et
1039 1847 1220 1920 incolarum
1244 1841 1362 1920 insulae
1400 1841 1613 1943 conspertum
1649 1847 1695 1920 vi·

413 1959 539 2030 tantes',
564 1970 674 2018 rerunt
697 1939 824 2016 suarum
849 1945 1075 2020 conditionem
1096 1945 1206 2021 secum
1221 1950 1314 2019 tacite
1327 1945 1546 2044 deplorabant.
1570 1949 1694 2047 Qam·

414 2056 560 2149 primum
589 2065 696 2118 autem
722 2050 884 2144 negotiis,
909 2073 991 2148 quae
1018 2067 1088 2120 tum
1113 2047 1313 2128 tratiabant,
1337 2065 1502 2146 vtctmque
1528 2042 1692 2143 compoll·

415 2167 477 2229 tn,
503 2148 699 2244 nauibusque
726 2145 889 2242 impletis,
914 2151 1008 2220 oram
1034 2144 1184 2231 l'olunnt,
1222 2165 1254 2217 et
1280 2141 1409 2218 clallem
1432 2139 1613 2220 vnirrerlam
1639 2141 1692 2218 die

414 2252 510 2324 tertio
537 2245 579 2318 ad
603 2241 683 2320 illud
711 2241 839 2318 Africae
862 2246 947 2318 littus
979 2247 1164 2346 applicant,
1205 2246 1259 2319 vbi
1284 2244 1458 2319 Numidiae
1483 2265 1516 2318 et
1538 2240 1692 2318 Manita

414 2356 485 2422 niae
512 2347 602 2426 limes
627 2343 683 2418 est.
731 2341 814 2418 Inde
837 2345 970 2446 pedibus
995 2347 1037 2422 ad
1061 2346 1168 2420 bullae
1195 2347 1382 2447 campellria
1404 2341 1590 2448 progrelli,
1620 2369 1693 2444 pet·

411 2443 548 2526 miscent
571 2437 603 2518 se
625 2443 752 2546 reliquis
779 2451 892 2546 copiis.

520 2631 587 2704 Hic
613 2627 715 2705 multa
740 2629 891 2706 Vandalis
928 2627 1132 2728 miseratione
1171 2634 1298 2734 ingenti
1329 2628 1427 2732 digna
1464 2633 1694 2732 eontigemnt,

419 2737 502 2831 quae
524 2725 649 2814 verbis,
676 2753 712 2806 vt
736 2759 794 2831 par
819 2733 888 2816 ell,
915 2740 1033 2836 exequi
1060 2759 1212 2833 neque03
1247 2759 1285 2828 ac
1314 2729 1339 2804 li
1365 2731 1417 2820 rel
1441 2727 1506 2829 ipse
1531 2727 1696 2830 spattaffet

413 2827 690 2920 bollir,-fortalle
717 2830 906 2917 vandalos,
936 2855 972 2909 vt
999 2838 1143 2934 opinor,
1174 2853 1269 2934 atque
1294 2834 1471 2904 hominnm
1502 2835 1609 2908 ricem
1633 2835 1695 2905 mi·

411 2926 530 3004 seratur
554 2925 666 3004 fniss'et.
718 2937 849 3006 Etenim
875 2935 1020 3012 Gelimer
1043 2955 1074 3008 et
1099 2937 1216 3008 Tzazo
1242 2931 1326 3006 'colla
1358 2935 1499 3004 inuicem
1526 2931 1690 3030 amplexi,

398 3029 520 3134 *diuelli
547 3034 742 3133 nequibant:
767 3060 828 3108 nec
853 3037 953 3109 verbo
979 3035 1058 3109 alter
1083 3033 1218 3108 alterum
1244 3031 1480 3130 compellabat3
1510 3027 1566 3104 sed
1591 3035 1691 3107 rint‘ti

411 3157 572 3207 manuum
597 3133 752 3214 nexibus,
777 3142 897 3207 mutnis
922 3130 984 3208 sese
1009 3135 1186 3224 lachrymis
1210 3129 1453 3233 perfundebant
1489 3136 1534 3203 lta
1560 3157 1694 3232 quoque

408 3231 573 3315 Vandali,
633 3259 691 3308 uos
716 3229 825 3307 fecum
850 3235 985 3310 habebat
1009 3236 1173 3318 Gelimer,
1203 3238 1238 3306 in
1262 3259 1342 3314 eoa,
1367 3236 1423 3331 qui
1449 3226 1646 3312 aduenerant
1670 3258 1692 3306 e

410 3331 580 3417 Sardinia,
607 3259 638 3408 le
658 3335 836 3435 gerebant,
868 3363 944 3409 cum
971 3333 1088 3436 singuli
1113 3333 1258 3436 smgnlor
1282 3333 1598 3432 completierentur,
1623 3327 1693 3418 lic,

395 3451 449 3510 'vt
470 3437 612 3507 inuicem
640 3431 895 3534 quodammodo
921 3431 1050 3518 inserti,
1076 3453 1264 3508 manantem
1291 3429 1368 3506 inde
1391 3432 1593 3531 voluptatem
1620 3457 1691 3530 per·

412 3531 468 3606 diu
490 3532 647 3633 'ceperint
700 3539 741 3608 Et
766 3541 920 3634 quoniam
947 3532 1102 3634 praesenti
1128 3535 1304 3610 calamitate
1330 3537 1479 3614 attoniti,
1506 3557 1589 3630 qnae
1603 3537 1691 3630 priua

1709 1309 1912 1394 Irenlvrtr·
1992 1377 1996 1383 ,

1710 1409 1829 1460 mano
1849 1399 1874 1464 l.

412 3640 575 3720 momenti
601 3629 663 3708 elle
687 3641 821 3707 maximi
847 3633 1026 3718 duxerant,
1063 3663 1104 3712 ea,
1139 3641 1203 3708 iam
1231 3634 1389 3708 habebant
1425 3637 1459 3702 in
1483 3631 1688 3728 postremie3
1721 3705 1726 3721 ,

410 3735 492 3810 nihil
517 3731 556 3806 de
570 3732 665 3809 Goda
688 3729 788 3808 scitari
801 3735 968 3810 Gelimeris
993 3739 1151 3816 comiter,
1177 3762 1238 3806 nec
1263 3729 1420 3814 vicissim,
1447 3735 1503 3828 qui
1528 3728 1687 3802 redierant
1796 3733 1800 3740 '

413 3833 601 3920 eSardinia,
626 3839 810 3934 percontari
837 3835 988 3908 volebant
1015 3832 1055 3908 de
1074 3829 1201 3907 Africae
1229 3831 1372 3914 calibue,
1398 3855 1481 3931 quor
1506 3833 1615 3924 vtique
1639 3827 1688 3900 lo·

414 3964 469 4011 cur
495 3930 561 4034 ipse
588 3953 647 4035 per
671 3928 703 4008 se
727 3931 795 4008 satis
821 3934 1025 4008 monstrabat.
1073 3931 1176 4008 Nulla
1203 3927 1246 4007 de
1269 3933 1424 4007 vxoribns
1449 3948 1504 4000 aut
1528 3917 1632 3998 liberie
1651 3925 1690 4000 ll·

413 4039 484 4112 ebat
510 4041 655 4110 mentio:
682 4063 758 4114 cum
785 4035 1020 4137 intelligerent,
1047 4031 1072 4106 li
1100 4059 1200 4133 quem
1224 4031 1358 4113 suorum
1381 4034 1426 4110 ibi
1448 4024 1706 4114 deliteam.
1850 4033 1854 4045 '

413 4157 476 4214 eut.
492 4139 698 4228 extinttrm,
721 4155 775 4213 aut
799 4157 931 4239 captum
956 4139 995 4212 ab
1019 4134 1112 4211 holle
1135 4131 1207 4210 effe.
1264 4245 1269 4254 Ι

676 4449 692 4482 l
829 4585 835 4598 -
948 4496 1174 4624 ’Μεθ’
