4917 6992
1236 1175 1685 1262 HVNNICORVM

732 1461 738 1476 l
830 1487 966 1597 labore,
989 1499 1059 1579 {me
1081 1499 1144 1576 vlla
1175 1386 1718 1600 soffluudinivimmpingnm
1769 1491 1868 1568 Turn
1899 1486 2119 1604 unusquique

828 1613 947 1694 bonis,
974 1629 1057 1708 quae
1081 1597 1139 1676 libi
1163 1599 1296 1678 fortuna
1317 1601 1471 1685 indulsit,
1496 1598 1635 1680 fruitur,
1660 1621 1768 1694 neque
1793 1601 1964 1700 quisquam
1989 1604 2035 1676 illi
2054 1608 2119 1683 vlla

825 1717 949 1806 inre,
974 1734 1017 1786 ne
1040 1703 1351 1806 minimaquidem,
1375 1707 1549 1810 negotium
1559 1699 1713 1784 exhibet,
1734 1715 1792 1772 atu
1805 1703 2118 1783 mohstueestktfl-

1330 1962 1332 1966 >
1419 1910 1526 2010 on

739 2095 793 2172 34
931 2075 1026 2166 Haeo
1049 2083 1133 2155 inter
1159 2099 1222 2152 noa
1255 2069 1496 2159 differentibus,
1532 2069 1643 2172 aliquia
1680 2098 1721 2157 ex
1749 2073 1933 2150 domesticis
1963 2077 2118 2180 Onegefii

824 2179 994 2284 septorum
1019 2179 1139 2264 domus
1165 2175 1254 2252 fores
1275 2182 1406 2277 aperuit.
1454 2181 1531 2276 Ego
1555 2173 1663 2259 statim
1685 2203 1873 2269 accurrere,
1897 2197 1930 2252 et
1953 2204 2117 2278 quaerere,

827 2310 907 2387 quas
930 2309 980 2365 res
1005 2303 1113 2384 ageret
1138 2277 1342 2381 Onegeiius3
1366 2304 1423 2351 me
1449 2283 1537 2350 enirn
1563 2275 1682 2356 habere
1704 2305 1725 2358 a
1749 2283 1961 2386 Maximino,
1994 2281 2118 2380 quiite.

827 2405 921 2488 gatur
944 2387 1137 2470 aRomarrir
1161 2401 1316 2465 venerat,
1341 2376 1434 2480 quod
1458 2379 1503 2465 iui
1517 2376 1683 2458 dicerem:
1707 2377 1761 2464 ille
1787 2407 1890 2464 vero,
1914 2379 2116 2482 Ouegefium

759 2559 762 2564 ,
825 2489 910 2570 nxihi
934 2481 981 2560 sui
1003 2481 1168 2564 faunum
1192 2487 1348 2581 oopiam,
1373 2475 1561 2582 respondit,
1591 2475 1618 2550 ii
1643 2478 1815 2560 modicum
1843 2485 2033 2582 opperirer,
2064 2513 2118 2560 ex.

770 2674 775 2682 ,
829 2593 952 2668 iturum
979 2591 1068 2664 enim
1092 2583 1165 2666 else.
1217 2587 1292 2658 Nec
1313 2581 1420 2656 multo
1445 2583 1601 2681 temporis
1625 2573 1727 2678 spatio
1753 2585 1942 2668 inieriello,
1968 2580 2119 2684 vtipfim

829 2709 1005 2768 exeuntem
1030 2685 1119 2770 vidi,
1151 2680 1335 2787 progress‘ur
1361 2679 1452 2756 dixi:
1487 2687 1545 2758 Te
1569 2683 1801 2760 Romanorum
1833 2683 1956 2786 legatur
1987 2680 2118 2774 salutat,

830 2810 866 2870 et
886 2787 982 2867 'dona‘
1003 2789 1058 2860 tibi
1083 2788 1123 2886 ab
1149 2783 1244 2887 ipso,
1269 2811 1334 2868 vna
1360 2810 1437 2864 cum
1463 2810 1544 2864 outo
1569 2781 1609 2866 ab
1634 2787 1831 2883 imperatore
1850 2782 1968 2868 millo,
1991 2783 2118 2874 adfero,

829 2898 876 2968 Et
900 2894 984 2966 mihi
1008 2892 1140 2963 conanti
1164 2893 1198 2959 in
1224 2913 1301 2960 eum
1322 2882 1509 2960 sermonem
1534 2881 1713 2970 deuenire,
1738 2887 1813 2972 vbi,
1838 2907 1872 2960 et
1895 2884 2027 2986 quando
2052 2889 2119 2964 vel„

829 2992 875 3074 let
901 2989 1067 3090 colloqui,
1094 2987 1147 3062 ille
1172 2983 1272 3072 suos,
1297 2991 1355 3088 qui
1379 2983 1535 3072 aderant,
1567 2979 1651 3058 iuffit
1674 3011 1790 3060 aunam
1824 3007 1856 3060 et
1878 3011 2013 3060 munera
2036 2996 2119 3065 reci.

814 3086 932 3206 pere,
959 3110 1071 3212 etue
1096 3093 1286 3178 Maximino
1312 3090 1522 3176 renuntiate,
1556 3081 1590 3172 se
1613 3091 1762 3194 protinus
1787 3085 1829 3175 td
1853 3113 1931 3174 eunt
1953 3088 2116 3172 teodure.

1423 3299 1455 3397 i
1481 3299 1535 3392 n?

935 3463 1068 3539 Reuerti
1091 3467 1188 3566 igitur
1222 3459 1264 3536 ad
1286 3465 1533 3550 Maximinum,
1558 3483 1591 3536 et
1615 3467 1819 3548 renuntiem,
1847 3461 2052 3566 Onegeiimn]
2075 3458 2116 3534 ad

829 3557 1018 3644 sevenire:
1045 3593 1107 3640 nec
1133 3592 1250 3649 mora,
1281 3569 1315 3636 in
1341 3570 1518 3652 tentorium
1542 3564 1691 3638 nostrum
1721 3565 1873 3648 aduenit,
1908 3567 2117 3660 etMaximi·

829 3687 914 3740 num
939 3661 1073 3752 affatus,
1098 3665 1203 3740 dixit:
1226 3663 1260 3739 se
1284 3671 1473 3765 impetatori
1501 3666 1590 3740 etilli
1614 3693 1680 3766 pro
1696 3667 1893 3742 'mimeribus
1919 3664 2034 3767 gratias
2046 3690 2117 3764 age·

828 3789 867 3838 xe
880 3783 901 3850 ,⁴
916 3788 949 3842 et
974 3772 1199 3868 perconctatus
1225 3767 1295 3851 est,
1328 3763 1653 3870 quandoquidem'se
1676 3764 1872 3851 accersrss‘et,
1908 3765 1988 3869 quid
2018 3763 2092 3840 ess'et
2107 3819 2125 3844 ,.

855 3865 923 3942 uod
947 3867 1039 3946 illum
1062 3871 1185 3947 vellet?
1208 3889 1281 3944 tum
1295 3872 1521 3955 Maximinus,
1544 3867 1659 3941 instare
1683 3875 1835 3970 temPus,
1864 3874 1928 3961 ait,
1955 3896 2023 3970 quo
2050 3861 2119 3966 pos·

829 3891 877 4042 iet
900 3974 1061 4044 maiorem
1087 3971 1253 4072 plotium,
1280 3997 1380 4072 quarn
1431 3976 1578 4071 uisquam
1605 3973 1808 4053 hominum,
1839 3965 1993 4068 adipisci,
2027 3965 2053 4040 li
2079 3964 2118 4038 ad

827 4073 1062 4169 imperatorem
1085 4071 1267 4154 accedens,
1299 4098 1382 4176 quae
1405 3998 1478 4146 ium
1501 4079 1585 4146 inter
1610 4074 1782 4145 Romanos
1815 4091 1848 4143 et
1871 4075 2017 4144 Hunnor
2042 4095 2117 4140 con·

829 4167 992 4260 uenena,
1018 4171 1073 4246 sua
1099 4173 1269 4276 prudentia
1293 4193 1533 4274 componeret,
1559 4191 1592 4245 et
1604 4177 1688 4246 inter
1709 4193 1879 4272 utramque
1894 4194 2029 4273 gentem
2043 4196 2119 4269 eon·
2235 4194 2236 4197 ’

830 4269 978 4346 cordiam
1004 4271 1174 4347 stabiliret:
1206 4298 1289 4372 qnae
1312 4299 1363 4347 ret
1385 4301 1456 4348 non
1482 4268 1590 4347 solum
1617 4262 1803 4348 commodo
1836 4293 1869 4346 et
1893 4275 2017 4352 utilitati
2049 4276 2119 4350 vtti-

830 4397 933 4471 usque
956 4380 1060 4475 gentis·
1083 4371 1160 4448 ess'et
1186 4369 1331 4458 cess‘ura,
1364 4369 1419 4448 sed
1445 4380 1541 4449 etiam
1576 4378 1643 4448 eius
1659 4373 1784 4450 -domui
1811 4393 1896 4448 tanta
1919 4378 2007 4449 bona
2031 4398 2119 4473 prae·

830 4473 958 4564 luitura,
982 4493 1018 4548 vt
1041 4471 1108 4582 ipse
1133 4503 1196 4550 vna
1222 4503 1301 4556 curn
1325 4469 1387 4548 suis
1409 4475 1514 4550 liberie
1539 4478 1575 4546 in
1596 4476 1764 4574 posterum
1786 4482 1974 4574 imperatori
1998 4480 2121 4570 totique

831 4577 1043 4676 imperatorio
1078 4583 1193 4684 generi
1225 4597 1424 4678 perpetuum
1461 4575 1633 4653 demun
1664 4574 1759 4654 soret.
1808 4579 1906 4655 Tum
1940 4571 2121 4755 Oneqfflpu

876 4896 922 4980 i)
948 4897 1102 4984 Reliquam
1116 4900 1204 4965 huius
1224 4899 1373 4984 colloquii
1386 4922 1452 4987 par·
1500 4897 1564 4965 seue
1584 4920 1613 4986 p.
1636 4907 1679 4964 6¹.
1703 4903 1766 4986 aig,
1792 4901 1870 4985 opud
1886 4905 2041 4968 Romanor
2065 4895 2122 4960 set·

806 5003 807 5007 ’
833 5001 916 5064 tem,
943 5008 1008 5048 eum
1036 4989 1129 5064 magia
1152 4990 1188 5050 acl
1212 4991 1416 5051 Romanorum
1441 5034 1453 5066 ,
1501 5011 1574 5050 uum
1596 5007 1659 5048 non
1682 4986 1772 5052 litere
1794 4991 1946 5070 occidere,
1969 4985 2059 5051 litere
2073 5003 2120 5049 ue·

834 5094 922 5154 quam
934 5077 1113 5136 Hunnorum
1134 5093 1180 5134 ree
1193 5076 1362 5157 pertineat,
1383 5095 1453 5159 pru·
1502 5095 1539 5137 ro
1562 5074 1640 5158 apud
1661 5075 1786 5147 Scythae.

833 5164 905 5224 dena
929 5161 1021 5222 ornili.
1062 5163 1128 5220 Hoc
1147 5163 1266 5222 unitum
1279 5175 1454 5223 tamennon
1546 5177 1590 5239 34.
1613 5163 1762 5228 Putscvu
1782 5181 1814 5248 p.
1835 5167 1883 5228 62·

688 5251 694 5263 ¹
833 5247 1078 5342 praetereundum
1107 5245 1250 5326 videtur,
1287 5247 1370 5332 quod
1393 5249 1452 5312 Pri·
