4917 6992
864 1196 1068 1277 curva
1096 1197 1165 1269 un.
1593 1185 1649 1267 ,53

1658 1275 1862 1424 tum·
1970 1354 2003 1391 -

919 1427 948 1475 a
975 1404 1014 1473 C.
1098 1414 1126 1469 .·

359 1574 433 1724 pro
458 1536 530 1643 ipso
555 1530 672 1610 defecti
698 1531 850 1607 Romani·
869 1528 1006 1606 caeteri,
1031 1410 1119 1591 siritio
1145 1510 1242 1587 fimul
1266 1528 1298 1581 et
1311 1505 1364 1580 lue
1379 1496 1649 1603 grauiffunecon·

389 1680 398 1719 l

400 1648 576 1723 trahantur.
627 1642 678 1709 Re
709 1633 823 1706 Gotthi
850 1632 1006 1726 cognita,
1045 1646 1122 1691 cum
1150 1612 1256 1688 hoste·
1269 1602 1357 1682 ferro
1382 1602 1554 1677 decernere
1591 1620 1650 1669 no·

364 1753 467 1825 lentes
491 1741 651 1839 arnplim,
674 1730 781 1808 solum
808 1730 985 1807 cauebant,
1021 1714 1168 1818 nequid
1204 1736 1347 1810 uuquam
1376 1700 1455 1777 foris
1483 1708 1649 1799 acciperet.

365 1854 383 1885 ‘'
397 1856 494 1923 Duos
518 1847 586 1914 hoc
609 1834 746 1910 confiiio
771 1826 1012 1931 aquaeducIus,
1037 1826 1120 1893 inter
1151 1821 1300 1890 Latinam
1326 1830 1358 1883 et
1384 1808 1526 1903 Appiam
1564 1805 1651 1871 viam

367 1939 639 2052 quinquagesimo
665 1938 704 2009 ab
738 1934 817 2007 vrbe
840 1926 943 2002 ssadio
969 1942 1145 2000 coeuntes,
1171 1908 1343 1988 muniunt‘
1366 1934 1377 1994 3
1402 1908 1454 1979 vbi
1479 1902 1649 1976 stationarii
1734 1970 1739 1976 ,

353 2049 457 2130 'hand
480 2048 649 2148 pauciores
673 2034 797 2134 septem
823 2030 988 2108 millibus,
1013 2017 1209 2122 praesidium
1232 2011 1416 2115 agitabant,
1443 2031 1485 2079 eo
1510 2005 1645 2081 intenti,
1680 2041 1684 2049 =

368 2183 411 2231 ne
434 2158 472 2224 in
497 2146 612 2221 vrbem
634 2140 734 2215 hostis
757 2151 961 2209 cormneatus
989 2123 1072 2199 allos
1096 2114 1229 2193 inferret
1243 2148 1295 2185 -.

949 2330 982 2428 ᾗ.
1006 2350 1072 2402 201.
1102 2356 1108 2370 ·

447 2473 625 2553 ‘Romani
646 2460 838 2539 adsummas
861 2452 982 2530 redarii
1008 2444 1166 2549 angustiae
1190 2433 1280 2513 fatto
1311 2434 1443 2533 agmine
1470 2416 1679 2501 nelisarium'

374 2580 417 2659 ad
440 2578 653 2656 decretoriam
678 2592 755 2639 cum
778 2560 871 2637 hoste
896 2578 1043 2657 pugnam
1068 2540 1278 2643 compellunt.
1329 2534 1452 2621 Quibus
1497 2531 1552 2599 hic
1585 2543 1654 2595 tan·

375 2685 450 2760 dem
500 2678 658 2779 pacatis,
705 2666 907 2761 Procopium
955 2660 992 2727 iu
1016 2648 1256 2747 Campaniam,
1283 2633 1359 2711 inde
1389 2650 1424 2703 vt
1447 2624 1653 2700 frumentum

374 2786 571 2862 adueheret,
609 2768 705 2847 misit.
755 2771 918 2864 Magnam
953 2775 1116 2855 praeterea
1154 2746 1301 2843 equitum
1337 2752 1464 2835 partem
1502 2732 1524 2821 (
1533 2724 1655 2799 Erulor

376 2894 469 2965 etiam
497 2902 530 2955 er
554 2871 725 2965 Hunno)
751 2874 787 2939 iu
812 2868 930 2938 vicinas
953 2858 1151 2928 munitiones
1184 2846 1362 2919 emittens,
1401 2834 1479 2931 qui,
1506 2853 1549 2898 ne
1572 2822 1653 2897 vllut

376 2998 411 3067 in
433 2984 533 3060 castra
556 2976 701 3052 hostium
727 2982 928 3044 commeatus
951 2963 1197 3059 importaretur,
1221 2935 1456 3044 prouiderent,
1480 2948 1516 3002 vt
1530 2946 1561 2999 et
1575 2928 1653 2998 Got·

378 3096 425 3170 ui
445 3076 535 3165 fame
559 3080 765 3172 laborarent,
802 3062 959 3144 effecit'.

879 3254 882 3258 ,
951 3267 983 3365 ᾗ.

452 3448 535 3521 Hoc
556 3433 692 3509 iuterim
712 3416 814 3523 spatio
839 3414 916 3490 aliae
928 3410 1098 3506 Byzantio.
1113 3400 1226 3498 copiae
1252 3385 1384 3463 nutibus
1399 3370 1552 3451 aduenae
1566 3359 1655 3449 sunt,
1690 3374 1748 3452 151.

1204 3490 1365 3568 delerent,
1379 3470 1539 3555 Belifarius
1552 3472 1662 3568 prima¹

382 3554 491 3649 'quas
504 3570 545 3615 ue
560 3536 684 3635 ingenti
697 3545 836 3598 numero
848 3516 927 3591 fasti
940 3514 1072 3588 obuiam
1086 3501 1193 3577 hostes
1434 3582 1440 3596 ῃ
1558 3576 1563 3587 .

783 3629 790 3642 '
840 3645 936 3695 enetn
960 3628 1055 3713 porta
1077 3604 1228 3678 Pinciana
1254 3618 1331 3663 eum
1345 3578 1500 3683 equitibus
1519 3566 1607 3643 nulle
1626 3590 1658 3639 e-
1774 3615 1781 3625 ,

356 3801 376 3815 -ι
842 3742 892 3803 et,
916 3720 953 3789 hi
975 3713 1030 3786 vbi
1054 3732 1074 3777 e
1100 3700 1203 3775 eastris
1230 3690 1414 3789 eruperint,
1439 3673 1553 3772 fugam
1576 3670 1656 3737 inire
1681 3758 1688 3767 .

389 3849 568 3928 sunttiatam
590 3838 683 3909 iubet.
719 3835 798 3929 Qio
825 3817 937 3900 facio,
965 3833 997 3886 et
1024 3807 1153 3882 Gotthis
1180 3794 1222 3869 ad
1248 3813 1361 3864 muros
1387 3778 1455 3852 fere
1469 3770 1654 3872 prouectu,

385 3971 480 4055 porta
520 3942 675 4020 Flaminia
698 3949 808 4032 aperta
834 3925 942 4022 copias
969 3920 1005 3986 in
1031 3932 1087 3981 eos
1113 3901 1252 3979 emittit,
1285 3898 1510 3990 magnamque
1537 3892 1654 3941 eorum
1774 3930 1778 3937 ,

385 4056 524 4156 {hagam
550 4040 616 4118 edit
632 4035 656 4109 'a
